Date,revenue,gross-profit,research-development-expenses,selling-general-administrative-expenses,other-operating-income-expenses,operating-income,total-non-operating-income-expense,pre-tax-income,total-provision-income-taxes,income-after-taxes,income-from-continuous-operations,net-income,ebitda,ebit,basic-shares-outstanding,shares-outstanding,eps-basic-net-earnings-per-share,eps-earnings-per-share-diluted,current-ratio,long-term-debt-capital,debt-equity-ratio,gross-margin,operating-margin,ebit-margin,pre-tax-profit-margin,net-profit-margin,asset-turnover,receiveable-turnover,days-sales-in-receivables,roe,return-on-tangible-equity,roa,roi,book-value-per-share,operating-cash-flow-per-share,free-cash-flow-per-share
2024-09-30,1.33900,1.33900,14.27300,4.53700,-0.34400,-21.44000,1.72300,-19.71700,,-19.71700,-19.71700,-19.71700,-21.10400,-21.44000,188.99700,188.99700,-0.10000,-0.10000,7.01670,,,100.00000,-1601.19500,-1601.19500,-1472.51700,-1472.51700,0.00950,0.83270,108.08070,-18.44610,-18.44610,-14.03940,-18.44610,0.56420,-0.1088,-0.1088
2024-06-30,1.72600,1.72600,15.55100,7.54700,-0.21100,-21.58300,1.78700,-19.79600,,-19.79600,-19.79600,-19.79600,-21.22700,-21.58300,188.04150,188.04150,-0.11000,-0.11000,6.55990,,,100.00000,-1250.46400,-1250.46400,-1146.92900,-1146.92900,0.01080,0.97680,92.13790,-16.16610,-16.16610,-12.36920,-16.16610,0.64880,-0.0698,-0.0699
2024-03-31,1.53200,1.53200,15.40300,5.31200,-0.18000,-19.36300,1.48800,-17.87500,,-17.87500,-17.87500,-17.87500,-19.00800,-19.36300,175.62600,175.62600,-0.10000,-0.10000,6.69450,,,100.00000,-1263.90400,-1263.90400,-1166.77600,-1166.77600,0.01020,0.71620,125.65930,-15.59270,-15.59270,-11.89370,-15.59270,0.63620,-0.10990,-0.11040
2023-12-31,2.14500,2.14500,17.56400,5.10100,-0.22700,-20.74700,1.43500,-19.31200,,-19.31200,-19.31200,-19.31200,-20.38800,-20.74700,165.96000,165.96000,-0.12000,-0.12000,5.87130,,,100.00000,-967.22530,-967.22550,-900.32600,-900.32600,0.01490,1.20780,74.51750,-18.21580,-18.21580,-13.37390,-18.21580,0.62410,-0.108,-0.1081
2023-09-30,4.65800,4.65800,20.16900,5.84200,-0.20500,-21.55800,1.45400,-20.10400,,-20.10400,-20.10400,-20.10400,-21.18900,-21.55800,167.51300,167.51300,-0.12000,-0.12000,6.34330,,,100.00000,-462.81670,-462.81670,-431.60160,-431.60160,0.02940,2.14560,41.94720,-16.84640,-16.84640,-12.67260,-16.84640,0.71160,-0.1276,-0.1276
2023-06-30,4.65100,4.65100,17.69200,5.98000,0.63600,-18.38500,1.29100,-17.09400,,-17.09400,-17.09400,-17.09400,-18.04300,-18.38500,166.06330,166.06330,-0.10000,-0.10000,6.47400,,,100.00000,-395.29130,-395.29130,-367.53380,-367.53380,0.02630,1.77930,50.58270,-12.69110,-12.69110,-9.66730,-12.69110,0.80690,-0.1133,-0.1185
2023-03-31,6.68700,6.68700,18.27500,5.55200,-0.27300,-17.41300,1.07400,-16.33900,,-16.33900,-16.33900,-16.33900,-17.07900,-17.41300,161.64300,161.64300,-0.10000,-0.10000,6.07670,0.02240,0.02290,100.00000,-260.40080,-260.40080,-244.33980,-244.33980,0.03500,2.51010,35.85460,-11.35320,-11.35320,-8.54440,-11.09900,0.87150,-0.16890,-0.16960
2022-12-31,6.24500,6.24500,22.94900,4.24900,-1.60900,-22.56200,0.63000,-21.93200,,-21.93200,-21.93200,-21.93200,-22.25500,-22.56200,150.93900,150.93900,-0.13000,-0.13000,4.59990,,,100.00000,-361.28100,-361.28100,-351.19300,-351.19300,0.03200,4.61910,19.48440,-16.02610,-16.02610,-11.22310,-16.02610,0.86910,-0.1126,-0.1136
2022-09-30,5.95200,5.95200,20.05500,3.49300,-0.21500,-17.81100,0.24400,-17.56700,,-17.56700,-17.56700,-17.56700,-17.46800,-17.81100,150.99500,150.99500,-0.12000,-0.12000,5.13110,,,100.00000,-299.24400,-299.24400,-295.14450,-295.14450,0.02920,3.24360,27.74700,-12.07210,-12.07210,-8.61970,-12.07210,0.95290,-0.1238,-0.1244
2022-06-30,14.24100,14.24100,22.94200,5.20000,-0.20800,-14.10900,-0.08300,-14.19200,,-14.19200,-14.19200,-14.19200,-13.72600,-14.10900,148.75000,148.75000,-0.10000,-0.10000,5.29070,,,100.00000,-99.07310,-99.07310,-99.65590,-99.65590,0.06600,0.13580,662.62270,-9.26720,-9.26720,-6.57540,-9.26720,1.02920,-0.1367,-0.138
2022-03-31,12.58100,12.58100,18.46200,4.89200,-0.20100,-10.97400,-0.34700,-11.32100,4.44400,-15.76500,-15.76500,-15.76500,-10.58000,-10.97400,148.42830,148.42830,-0.11000,-0.11000,5.32870,,,100.00000,-87.22680,-87.22680,-89.98490,-125.30800,0.05310,9.58190,9.39270,-9.50590,-9.50590,-6.65540,-9.50590,1.11510,0.13890,0.13840
2021-12-31,3.20600,3.20600,19.21200,4.59700,-0.19300,-20.79600,-0.52500,-21.32100,,-21.32100,-21.32100,-21.89500,-20.36900,-20.79600,106.24200,106.24200,-0.15000,-0.15000,14.31790,,,100.00000,-648.65890,-648.65890,-665.03440,-682.93820,0.01570,3.56620,25.23710,-12.58330,-12.58330,-10.42670,-12.58330,1.16860,-0.1624,-0.1627
2021-09-30,3.34000,3.34000,16.70900,4.18300,-0.85600,-18.40800,-0.75000,-19.15800,,-19.15800,-19.15800,-24.24500,-17.96100,-18.40800,101.28600,101.28600,-0.24000,-0.24000,12.51220,0.01780,0.01810,100.00000,-551.13780,-551.13780,-573.59280,-725.89830,0.02020,2.00360,44.91920,62.13450,-14.72110,-11.56910,-14.45940,1.18020,-0.144,-0.1438
2021-06-30,2.32900,2.32900,15.79900,4.47800,-0.69400,-18.64200,-0.74500,-19.38700,,-19.38700,-19.38700,-22.65300,-18.20600,-18.64200,96.87000,96.87000,-0.23000,-0.23000,9.44080,,,100.00000,-800.42930,-800.42930,-832.41730,-972.64920,0.01720,1.79430,50.15890,35.21260,-19.22760,-14.32090,-19.22760,1.03200,-0.1378,-0.1444
2021-03-31,2.11300,2.11300,13.78200,3.87800,-0.12900,-15.67600,-0.70500,-16.38100,,-16.38100,-16.38100,-19.59300,-15.23300,-15.67600,93.43400,93.43400,-0.21000,-0.21000,20.52010,,,100.00000,-741.88360,-741.88360,-775.24850,-927.25990,0.01440,1.67040,53.88070,42.58020,-14.35050,-11.20150,-14.35050,1.18600,-0.19140,-0.19240
2020-12-31,2.38600,2.38600,16.39200,3.66100,-0.23700,-16.41300,-0.62900,-17.04200,,-17.04200,-17.04200,-20.16500,-15.92600,-16.41300,75.83540,75.83540,-0.23000,-0.23000,13.38480,,,100.00000,-687.88790,-687.88780,-714.24980,-845.13820,0.01740,1.81860,49.48870,35.92180,-16.71340,-12.43220,-16.71340,1.13700,-0.22,-0.222
2020-09-30,1.52300,1.52300,12.06500,4.06500,-0.12000,-15.21700,-3.53800,-18.75500,,-18.75500,-18.75500,-21.78200,-14.72700,-15.21700,79.48700,79.48700,-0.27000,-0.27000,15.93610,,,100.00000,-999.14650,-999.14650,-1231.45100,-1430.20300,0.01160,1.41670,63.52590,38.32240,-19.26650,-14.30540,-19.26650,1.15040,-0.1098,-0.1099
2020-06-30,1.51400,1.51400,10.46500,3.56600,-0.12300,-13.14100,-0.94600,-14.08700,,-14.08700,-14.08700,-17.08200,-12.64000,-13.14100,69.60500,69.60500,-0.25000,-0.25000,13.51920,,,100.00000,-867.96570,-867.96570,-930.44910,-1128.27000,0.01550,1.36640,65.86530,18.11900,-21.50330,-14.42970,-21.50330,0.91940,-0.1202,-0.1211
2020-03-31,1.49100,1.49100,10.41600,3.55300,-0.05700,-13.03500,-0.82600,-13.86100,,-13.86100,-13.86100,-16.83900,-12.53500,-13.03500,67.68400,67.68400,-0.25000,-0.25000,21.91340,,,100.00000,-874.24550,-874.24550,-929.64450,-1129.37600,0.01450,1.39090,64.70830,20.68590,-18.92130,-13.50790,-18.92130,1.06230,-0.22830,-0.22830
2019-12-31,1.61800,1.61800,12.41800,1.87700,-0.27900,-13.46300,-11.19100,-24.65400,,-24.65400,-24.65400,-27.53400,-12.95600,-13.46300,57.09300,57.09300,-0.46000,-0.46000,11.98620,,,100.00000,-832.07720,-832.07700,-1523.73300,-1701.73000,0.01530,1.34390,66.97160,38.19890,-33.89140,-23.36100,-33.89140,1.12290,-0.2295,-0.2306
2019-09-30,3.06100,3.06100,17.73100,3.24900,-6.29200,-91.02500,-4.13400,-95.15900,-12.65600,-82.50300,-82.50300,-85.29500,-24.21100,-91.02500,56.85020,56.85020,-1.50000,-1.50000,10.69990,,,100.00000,-2973.70100,-2973.70100,-3108.75500,-2786.50800,0.02610,1.23030,73.15260,162.50980,-98.64410,-70.34880,-98.64410,1.47120,-0.4124,-0.4168
2019-06-30,0.65300,0.65300,12.74000,8.18900,0.26600,-20.51500,-2.80000,-23.31500,,-23.31500,-23.31500,-26.07700,-20.01000,-20.51500,56.80600,56.80600,-0.46000,-0.46000,11.31750,,,100.00000,-3141.65400,-3141.65400,-3570.44400,-3993.41500,0.00340,0.42650,211.01070,-70.96770,-23.75230,-12.10730,-14.17620,2.89300,-0.3043,-0.3086
2019-03-31,0.67900,0.67900,14.71200,4.41200,-0.11700,-19.07100,-4.18000,-23.25100,,-23.25100,-23.25100,-25.96600,-18.56200,-19.07100,55.74000,55.74000,-0.47000,-0.47000,12.74920,,,100.00000,-2808.68900,-2808.68900,-3424.30000,-3824.15300,0.00320,0.55930,160.91310,-44.40770,-20.23550,-11.11340,-12.83100,3.22120,-0.29750,-0.29780
2018-12-31,1.67800,1.67800,11.06300,5.92700,-1.08700,-16.90300,-1.34600,-18.24900,,-18.24900,-18.24900,-20.89600,-16.39900,-16.90300,55.30400,55.30400,-0.37000,-0.37000,11.49830,,,100.00000,-1007.32900,-1007.32900,-1087.54400,-1245.29200,0.00740,1.17260,76.75210,-24.62820,-13.62610,-8.00730,-9.11380,3.60660,-0.3107,-0.3149
2018-09-30,1.58700,1.58700,16.56600,2.63100,0.49200,-32.42600,3.67100,-28.75500,-4.28200,-24.47300,-24.47300,-27.04000,-17.11800,-32.42600,55.42200,55.42200,-0.49000,-0.49000,11.36920,0.00300,0.00300,100.00000,-2043.22600,-2043.22600,-1811.90900,-1703.84400,0.00650,1.80340,49.90550,-26.66400,-16.42870,-9.97200,-11.33390,3.88070,-0.251,-0.2551
2018-06-30,1.24400,1.24400,16.35600,3.77500,-2.58100,-22.04600,25.13700,3.09100,,3.09100,3.09100,0.55000,-21.46800,-22.04600,55.21100,56.48700,0.01000,0.01000,13.67030,0.00290,0.00290,100.00000,-1772.18700,-1772.18700,248.47270,44.21220,0.00450,0.74760,120.38590,2.63850,1.96940,1.11580,1.29460,4.30320,-0.3028,-0.3102
2018-03-31,1.43600,1.43600,13.94900,3.66900,-1.62100,-18.40500,0.97600,-17.42900,,-17.42900,-17.42900,-19.76500,-17.80300,-18.40500,55.07200,55.07200,-0.36000,-0.36000,16.85130,0.00300,0.00300,100.00000,-1281.68500,-1281.68500,-1213.71900,-1376.39300,0.00530,1.35340,66.49720,-15.28360,-11.66550,-6.45460,-7.47670,4.21910,-0.36260,-0.36710
2017-12-31,2.53400,2.53400,17.82200,3.54300,,-60.24900,-0.00200,-60.25100,,-35.93100,-35.93100,-36.84200,-18.83100,-60.24900,54.72300,54.72300,-0.68000,-0.68000,8.84430,0.06170,0.06580,100.00000,-2377.62500,-2377.62500,-2377.70400,-1453.90700,0.01070,3.41510,26.35360,-27.07830,-36.12540,-15.15050,-18.47600,3.31400,-0.1909,-0.1947
2017-09-30,6.89200,6.89200,15.53700,3.65900,,-12.89700,1.29700,-11.60000,,-11.60000,-11.60000,-11.60000,-12.30400,-12.89700,54.87700,54.87700,-0.21000,-0.21000,11.02770,0.07080,0.07610,100.00000,-187.13000,-187.13000,-168.31110,-168.31110,0.02870,6.85090,13.13700,-6.92990,-26.61650,-4.83650,-6.43960,3.04060,-0.284,-0.2933
2017-06-30,1.03900,1.03900,15.44500,4.59900,,-19.48500,1.23000,-18.25500,,-18.25500,-18.25500,-18.25500,-19.00500,-19.48500,54.64800,54.64800,-0.33000,-0.33000,8.91520,0.06390,0.06830,100.00000,-1875.36100,-1875.36100,-1756.97800,-1756.97800,0.00410,0.86440,104.11930,-10.38480,-35.12130,-7.15670,-9.72110,3.19450,-0.091,-0.1476
2017-03-31,0.23500,0.23500,13.87200,4.32800,,-18.29900,-0.32800,-18.62700,,-18.62700,-18.62700,-18.62700,-17.96500,-18.29900,54.30700,54.30700,-0.34000,-0.34000,11.06320,0.05970,0.06350,100.00000,-7786.80900,-7786.80900,-7926.38300,-7926.38300,0.00090,0.02870,3135.06400,-9.85040,-28.53010,-6.94670,-9.26260,3.43690,-0.32290,-0.38590
2016-12-31,-0.19500,-0.19500,17.15600,4.73300,,-257.43900,-1.39400,-258.83300,-40.13800,-218.69500,-218.69500,-218.69500,-22.08400,-257.43900,53.07440,53.07440,-4.09000,-4.09000,12.52380,0.05580,0.05910,100.00000,132020.10000,132020.00000,132734.90000,112151.30000,-0.00070,-0.34450,-261.23090,-107.72880,-276.14400,-79.26060,-101.71580,3.70170,-0.288,-0.3368
2016-09-30,0.77400,0.77400,15.73800,3.72000,,-18.97500,-0.62000,-19.59500,,-19.59500,-19.59500,-19.59500,-18.68400,-18.97500,53.65200,53.65200,-0.37000,-0.37000,18.09010,,,100.00000,-2451.55000,-2451.55000,-2531.65400,-2531.65400,0.00150,1.42540,63.13950,-4.70330,-33.90550,-3.80690,-4.70330,7.59680,-0.2648,-0.2676
2016-06-30,0.30900,0.30900,15.21500,23.76600,,-195.24800,0.38400,-194.86400,-64.86400,-130.00000,-130.00000,-130.00000,-38.67200,-195.24800,52.71600,52.71600,-2.47000,-2.47000,16.66850,,,100.00000,-63187.06000,-63187.06000,-63062.79000,-42071.20000,0.00060,0.51160,175.92230,-30.13980,-179.33000,-24.48850,-30.13980,7.87130,-0.3132,-0.3311
2016-03-31,0.60300,0.60300,13.14400,7.21900,,-19.97700,4.10300,-15.87400,,-15.87400,-15.87400,-15.87400,-19.76000,-19.97700,51.40050,51.40050,-0.31000,-0.31000,15.72690,,,100.00000,-3312.93500,-3312.93500,-2632.50400,-2632.50400,0.00090,1.02900,87.46270,-2.95010,-69.25520,-2.25720,-2.95010,9.85020,-0.22460,-0.23000
2015-12-31,12.68600,12.68600,14.90400,8.35400,,-11.75800,5.50500,-6.25300,-0.98900,-5.26400,-5.26400,-5.26400,-10.57200,-11.75800,45.46230,45.46230,-0.10000,-0.10000,17.38340,,,100.00000,-92.68490,-92.68480,-49.29060,-41.49460,0.01780,10.11640,8.89640,-0.96110,-16.18550,-0.73900,-0.96110,10.03630,-0.4531,-0.4815
2015-09-30,4.06500,4.06500,16.35400,7.70600,,-58.13800,13.96000,-44.17800,-15.19600,-28.98200,-28.98200,-28.98200,-19.99500,-58.13800,50.75600,50.75600,-0.57000,-0.57000,14.46220,,,100.00000,-1430.20900,-1430.20900,-1086.79000,-712.96440,0.00560,1.81150,49.68270,-5.23320,-66.51980,-4.01060,-5.23320,10.14860,-0.0951,-0.1073
2015-06-30,3.44000,3.44000,9.69000,7.66200,-0.36100,-14.42000,-0.46600,-14.88600,,-14.88600,-14.88600,-14.88600,-14.27300,-14.42000,54.25600,54.25600,-0.27000,-0.27000,13.37190,,,100.00000,-419.18600,-419.18600,-432.73250,-432.73250,0.00440,0.53860,167.10170,-2.52950,-35.08290,-1.92370,-2.52950,10.83740,-0.0662,-0.0713
2015-03-31,4.68200,4.68200,10.55700,2.71600,-9.29500,-18.00600,6.01700,-11.98900,,-11.98900,-11.98900,-11.98900,-17.88600,-18.00600,30.20800,30.20800,-0.40000,-0.40000,9.63900,,,100.00000,-384.57920,-384.57920,-256.06580,-256.06580,0.00590,1.00840,89.25030,-2.01940,-24.88690,-1.52330,-2.01940,10.97480,-0.59070,-0.59530
2014-12-31,4.35000,4.35000,11.90200,3.08200,,-11.20900,5.04100,-6.16800,,-6.16800,-6.16800,-6.16800,-11.09600,-11.20900,21.60310,21.60310,-0.22000,-0.22000,5.76160,,,100.00000,-257.67810,-257.67820,-141.79310,-141.79320,0.03680,2.18700,41.15170,-7.00630,-7.00630,-5.21920,-7.00630,3.92350,-0.3234,-0.3354
2014-09-30,4.36200,4.36200,9.30900,1.76400,,-6.84400,-1.76000,-8.60400,,-8.60400,-8.60400,-8.60400,-6.71100,-6.84400,22.15900,22.15900,-0.39000,-0.39000,5.73360,,,100.00000,-156.90050,-156.90050,-197.24900,-197.24900,0.03490,2.04600,43.98900,-9.00980,-9.00980,-6.88000,-9.00980,4.28580,-0.3035,-0.3103
2014-06-30,1.81100,1.81100,9.29800,1.78700,,-9.42300,3.34200,-6.08100,,-6.08100,-6.08100,-6.08100,-9.27400,-9.42300,22.06300,22.06300,-0.28000,-0.28000,7.19940,,,100.00000,-520.32030,-520.32030,-335.78140,-335.78130,0.01370,5.34220,16.84710,-5.78340,-5.78340,-4.60440,-5.78340,4.76200,-0.4105,-0.4198
2014-03-31,4.43000,4.43000,8.20400,2.05000,,-5.95800,-12.02600,-17.98400,,-17.98400,-17.98400,-17.98400,-5.82400,-5.95800,19.80100,19.80100,-0.91000,-0.91000,5.94650,,,100.00000,-134.49210,-134.49210,-405.95940,-405.95940,0.03200,2.83970,31.69300,-17.04920,-17.04920,-12.98280,-17.04920,4.79640,0.46240,0.44540
2013-12-31,7.60000,7.60000,6.91000,2.85000,,-2.32000,-0.15000,-2.61000,0.00000,-2.61000,-2.60000,-2.60000,-2.17600,-2.32000,17.33300,17.33300,-0.15000,-0.15000,5.61760,,,98.68420,-30.52630,-30.52630,-34.34210,-34.21050,0.10600,48.40760,1.85920,-4.39230,-4.39230,-3.62540,-4.39230,3.10750,0.2528,0.2479
2013-09-30,2.96300,2.96300,5.50600,0.96000,,-3.65100,-2.25400,-5.90500,,-5.90500,-5.90500,-5.90500,-3.50300,-3.65100,14.51200,14.51200,-0.41000,-0.41000,3.10340,,,100.00000,-123.21970,-123.21970,-199.29130,-199.29130,0.06880,0.75010,119.97970,-19.94260,-19.92910,-13.71020,-19.93590,,-0.25,-0.2581
2013-06-30,2.84400,2.84400,4.91400,0.84900,,-3.07100,0.05700,-3.01400,,-3.01400,-3.01400,-3.01400,-2.91900,-3.07100,14.40700,14.40700,-0.21000,-0.21000,3.74570,,,100.00000,-107.98170,-107.98170,-105.97750,-105.97750,0.06020,1.67290,53.79750,-8.61640,-8.61390,-6.38290,-8.61640,,-0.1931,-0.2076
2013-03-31,2.13200,2.13200,4.06700,0.89300,,-2.99400,0.44800,-2.54600,,-2.54600,-2.54600,-2.54600,-2.82800,-2.99400,14.34400,14.34400,-0.18000,-0.18000,3.98870,,,100.00000,-140.43150,-140.43150,-119.41840,-119.41840,0.04180,1.44050,62.47660,-6.65790,-6.65800,-4.99310,-6.65800,,-0.19800,-0.21200
2012-12-31,3.83300,3.83300,7.27000,2.44000,,-6.06700,44.08000,38.11000,0.00000,38.11000,37.64100,37.64100,-5.88700,-6.06700,14.08100,15.25800,2.67000,2.47000,4.67950,,,102.00890,-158.28330,-158.28330,994.26040,982.02450,0.07290,3.54910,25.35870,32.22690,91.98680,71.57440,92.00930,2.85980,2.6955,2.6956
2012-09-30,3.06200,3.06200,3.11000,1.51000,,-1.76800,-1.66000,-3.45000,0.00000,-3.45000,-3.45100,-3.45100,-1.54800,-1.76800,14.00700,14.00700,-0.25000,-0.25000,0.97850,,,99.93470,-57.74000,-57.74000,-112.67150,-112.70410,0.30110,1.57030,57.31550,-1113.23400,-1113.22400,-33.93310,-1113.22600,,-0.0984,-0.0983
2012-06-30,3.65000,3.65000,3.53000,2.38000,,-2.48000,0.65000,-1.90000,0.00000,-1.90000,-1.93900,-1.93900,-2.26000,-2.48000,14.00000,14.00000,-0.14000,-0.14000,1.45410,,,98.08220,-67.94520,-67.94520,-52.05480,-53.12330,0.31170,1.99450,45.12330,-54.46630,-54.46630,-16.55850,-54.46630,,-0.0958,-0.0965
2012-03-31,3.59700,3.59700,4.12000,1.81000,,-2.57300,-0.52000,-3.15000,0.00000,-3.15000,-3.19700,-3.19700,-2.33300,-2.57300,12.79800,12.79800,-0.25000,-0.25000,1.63820,,,98.69340,-71.53180,-71.53180,-87.57300,-88.87960,0.24590,1.51130,59.54960,-59.64570,-59.64550,-21.85240,-59.64550,,-0.33130,-0.33140
2011-12-31,3.76300,3.76300,3.53000,1.95000,,-1.96700,0.33000,-1.79000,0.00000,-1.79000,-1.85200,-1.85200,-1.72700,-1.96700,12.25200,12.25200,-0.15000,-0.15000,1.68910,,,96.73130,-52.27210,-52.27210,-47.56840,-49.21610,0.26900,3.10990,28.93970,-21.83960,-34.81200,-13.23800,-34.87760,,0.0007,-0.0002
2011-09-30,4.14000,4.14000,4.48000,1.23000,,-1.82000,0.21000,-1.50000,0.00000,-1.50000,-1.48000,-1.48000,-1.57000,-1.82000,12.33300,12.33300,-0.12000,-0.12000,1.95580,,,102.65700,-43.96140,-43.96140,-36.23190,-35.74880,0.26250,2.63690,34.13040,-20.99290,-20.96320,-9.38490,-20.96320,,0.0555,0.0562
2011-06-30,4.48100,4.48100,6.40000,1.64000,,-3.79900,0.09000,-3.65000,0.00000,-3.65000,-3.59100,-3.59100,-3.54900,-3.79900,10.61700,10.61700,-0.34000,-0.34000,1.91980,,,101.53980,-84.78020,-84.78020,-81.45500,-80.13840,0.23500,1.04450,86.16380,-42.64840,-42.54740,-18.83060,-42.59790,,-0.3906,-0.3905
2011-03-31,4.51400,4.51400,5.72000,1.56000,,-3.00600,-0.02000,-3.14000,0.00000,-3.14000,-3.21900,-3.21900,-2.76600,-3.00600,10.34100,10.34100,-0.31000,-0.31000,1.97490,,,97.47450,-66.59280,-66.59280,-69.56140,-71.31150,0.26320,1.34350,66.99160,-41.11110,-41.11110,-18.76970,-41.11110,,-0.29980,-0.30460
2010-12-31,5.41200,5.41200,6.53000,1.36000,,-2.00800,5.71000,4.42000,0.00000,4.42000,-0.72100,-0.72100,-3.50800,-2.00800,9.28700,9.28700,-0.08000,-0.08000,2.20280,,,113.45160,-37.10270,-37.10270,81.67040,-13.32230,0.26520,1.68070,53.54770,-6.92600,-6.91940,-3.53260,-6.91940,,0.7175,0.7892
2010-09-30,9.98800,9.98800,5.02000,1.42000,,3.06800,-5.63000,-2.58000,0.00000,-2.58000,-2.58200,-2.58200,3.53800,3.06800,10.31900,10.32700,-0.25000,-0.25000,1.91460,,,99.91990,30.71690,30.71690,-25.83100,-25.85100,0.28570,4.92020,18.29200,-10.18540,-22.04950,-7.38560,-10.18540,,-0.6167,-0.6752
2010-06-30,2.25500,2.25500,4.70000,1.05000,,-4.04500,-0.04000,-4.09000,0.00000,-4.09000,-4.10000,-4.10000,-3.48500,-4.04500,52.62900,52.56200,-0.08000,-0.08000,2.35060,,,99.77830,-179.37920,-179.37920,-181.37470,-181.81820,0.06210,2.37370,37.91570,-14.57000,-29.14000,-11.29790,-14.56480,,0.0045,0.0022
2010-03-31,2.37000,2.37000,5.24000,0.95000,,-4.29000,0.05000,-4.24000,0.00000,-4.24000,-4.24500,-4.24500,-3.82000,-4.29000,49.07600,48.79400,-0.09000,-0.09000,4.18760,,,99.57810,-181.01260,-181.01260,-178.90300,-179.11390,0.06530,3.33800,26.96200,-13.37010,-24.25710,-11.69740,-13.36590,,-0.10530,-0.11620
2009-12-31,4.25700,4.25700,4.94000,1.07000,,-2.24300,-0.10000,-2.42000,0.00000,-2.42000,-2.45900,-2.45900,-1.84300,-2.24300,52.31900,52.31900,-0.05000,-0.05000,3.80830,,,97.72140,-52.68970,-52.68970,-56.84760,-57.76370,0.11010,4.62720,19.45030,-7.52910,-12.72120,-6.36060,-7.52910,,-0.0318,-0.0401
2009-09-30,2.98300,2.98300,4.03000,0.84000,,-2.33700,-0.22000,-2.57000,0.00000,-2.57000,-2.57700,-2.57700,-1.83700,-2.33700,56.63700,56.02200,-0.05000,-0.05000,4.22080,,,99.89940,-78.34400,-78.34400,-86.15490,-86.38950,0.07060,2.71180,33.18810,-7.13450,-11.42290,-6.09510,-7.13650,,-0.0161,-0.0208
2009-06-30,3.24000,3.24000,3.75000,0.96000,,-1.90000,-0.01000,-1.93000,0.00000,-1.93000,-1.93100,-1.93100,-1.43000,-1.90000,56.28600,56.78200,-0.03000,-0.03000,5.13890,,,100.00000,-58.64200,-58.64200,-59.56790,-59.59880,0.07810,2.57140,35.00000,-5.30200,-8.23810,-4.65640,-5.30200,,-0.027,-0.0281
2009-03-31,2.32000,2.32000,2.91000,0.78000,,-1.76000,0.10000,-1.67000,0.00000,-1.67000,-1.67200,-1.67200,-1.37000,-1.76000,51.91600,52.24100,-0.03000,-0.03000,5.73810,,,100.00000,-75.86210,-75.86210,-71.98280,-72.06900,0.05750,2.18870,41.12070,-4.65220,-7.09980,-4.14070,-4.65220,,-0.01720,-0.02950
