Date,revenue,gross-profit,selling-general-administrative-expenses,other-operating-income-expenses,operating-income,total-non-operating-income-expense,pre-tax-income,total-provision-income-taxes,income-after-taxes,income-from-continuous-operations,income-from-discontinued-operations,net-income,ebitda,ebit,basic-shares-outstanding,shares-outstanding,eps-basic-net-earnings-per-share,eps-earnings-per-share-diluted,current-ratio,debt-equity-ratio,gross-margin,operating-margin,ebit-margin,pre-tax-profit-margin,net-profit-margin,asset-turnover,receiveable-turnover,days-sales-in-receivables,roe,return-on-tangible-equity,roa,roi,book-value-per-share,operating-cash-flow-per-share,free-cash-flow-per-share
2024-09-30,2.41500,2.41500,7.52700,-1.80400,-6.91600,37.23900,30.32300,6.93300,23.39000,23.39000,,23.24200,-6.82500,-6.91600,21.27500,21.27500,1.09000,1.09000,5.22400,0.00830,100.00000,-286.37680,-286.37680,1255.61100,962.40170,0.00250,0.07230,1244.23600,2.61980,2.63020,2.39370,2.61980,41.53800,-3.4928,-3.4928
2024-06-30,2.59500,2.59500,4.38400,-1.88500,-3.67400,7.25200,3.57800,0.68400,2.89400,2.89400,,2.98500,-3.58300,-3.67400,21.39200,21.39200,0.14000,0.14000,15.01520,0.00700,100.00000,-141.58000,-141.58000,137.88050,115.02890,0.00270,0.08430,1067.54900,0.31610,0.31730,0.30490,0.31610,42.86950,1.3894,1.3894
2024-03-31,3.01100,3.01100,5.80200,-2.17900,-4.97000,22.62500,17.65500,3.79800,13.85700,13.85700,,13.82100,-4.88000,-4.97000,21.50000,21.50000,0.64000,0.64000,13.64300,0.01030,100.00000,-165.06140,-165.06140,586.35010,459.01690,0.00320,0.08580,1048.91400,1.51140,1.51720,1.45220,1.51140,42.80150,-0.05140,-0.05140
2023-12-31,5.63600,5.63600,8.18000,-2.27800,-4.82200,26.67200,21.85000,5.55100,16.29900,16.29900,,16.34200,-4.73200,-4.82200,21.77100,21.77100,0.76000,0.76000,14.40470,0.00650,100.00000,-85.55710,-85.55720,387.68640,289.95750,0.00600,0.15720,572.56040,1.79710,1.80410,1.72700,1.79710,42.11050,-2.3255,-2.3255
2023-09-30,2.20000,2.20000,4.06600,-1.65500,-3.52100,3.79400,0.27300,0.16600,0.10700,0.10700,,-0.01600,-3.43100,-3.52100,21.67200,21.67200,0.00000,0.00000,17.60150,0.00570,100.00000,-160.04540,-160.04540,12.40910,-0.72730,0.00240,0.07100,1266.95500,0.01190,0.01200,0.01150,0.01190,41.42520,0.786,0.786
2023-06-30,2.38200,2.38200,4.33300,-1.52000,-3.47100,8.61100,5.14000,1.84000,3.30000,3.30000,,3.37100,-3.38100,-3.47100,21.87000,21.87000,0.15000,0.15000,15.36520,0.00440,100.00000,-145.71790,-145.71790,215.78500,141.51970,0.00260,0.07850,1145.89400,0.36680,0.36830,0.35350,0.36680,41.40510,-0.1533,-0.1533
2023-03-31,2.46500,2.46500,6.11300,-1.48500,-5.13300,24.73500,19.60200,1.58000,18.02200,18.02200,,17.75400,-5.04300,-5.13300,21.97000,21.97000,0.81000,0.81000,13.97070,0.00390,100.00000,-208.23530,-208.23530,795.21300,720.24340,0.00260,0.19750,455.76880,1.98920,1.99690,1.91140,1.98920,41.29830,8.35650,8.35650
2022-12-31,7.53800,7.53800,8.35200,-1.80200,-2.61600,19.55000,16.93400,2.85500,14.07900,14.07900,,13.66400,-2.52600,-2.61600,22.02400,22.02400,0.62000,0.62000,15.48880,0.00320,100.00000,-34.70420,-34.70420,224.64850,181.26820,0.00810,0.40980,219.63920,1.58160,1.58780,1.51760,1.58160,40.48000,-1.815,-1.815
2022-09-30,2.56200,2.56200,3.59100,-2.10000,-3.12900,-17.78900,-20.91800,-4.91400,-16.00400,-16.00400,,-16.49800,-3.03900,-3.12900,22.01000,22.01000,-0.75000,-0.75000,6.42430,0.00360,100.00000,-122.13110,-122.13110,-816.47150,-643.95000,0.00260,0.13080,688.20840,-1.82020,-1.82750,-1.62190,-1.82020,39.95890,-2.7168,-2.7168
2022-06-30,2.54600,2.54600,3.00700,-1.75000,-2.21100,-35.91700,-38.12800,-8.03600,-30.09200,-30.09200,,-29.88700,-2.14000,-2.21100,22.03600,22.03600,-1.36000,-1.36000,16.50760,0.00400,100.00000,-86.84210,-86.84210,-1497.56500,-1173.88100,0.00230,0.10780,834.60330,-3.39690,-3.41050,-2.68680,-3.39690,40.23700,0.0335,0.0335
2022-03-31,2.58200,2.58200,3.93300,-1.95500,-3.30600,-15.04700,-18.35300,-4.84800,-13.50500,-13.50500,,-16.18600,-3.21600,-3.30600,22.05400,22.05400,-0.73000,-0.73000,3.49140,0.00630,100.00000,-128.04030,-128.04030,-710.80560,-626.87840,0.00200,0.01410,6396.69200,-1.47080,-1.47650,-1.05160,-1.47080,41.63930,1.29490,1.29490
2021-12-31,13.99800,13.99800,13.96400,-2.16500,-2.13100,14.96100,12.83000,2.61100,10.21900,10.21900,,9.42900,-2.04100,-2.13100,22.12000,22.12000,0.44000,0.44000,8.14590,0.01380,100.00000,-15.22360,-15.22360,91.65600,67.35960,0.01160,0.22990,391.47240,1.09250,1.09670,0.84920,1.09250,42.40390,-11.3324,-11.3324
2021-09-30,2.11200,2.11200,3.04500,0.76400,-0.16900,6.15700,5.98800,0.48400,5.50400,5.50400,,1.50300,-0.08000,-0.16900,22.08400,22.08400,0.07000,0.07000,2.29930,0.01460,100.00000,-8.00190,-8.00190,283.52270,71.16480,0.00150,0.04180,2154.20400,0.59110,0.59330,0.38380,0.59110,42.20780,11.6268,11.6268
2021-06-30,2.48900,2.48900,9.34300,-3.55700,-10.41100,48.61500,38.20400,9.02000,29.18400,29.18400,,29.71600,-10.22300,-10.41100,22.11800,22.11800,1.34000,1.34000,6.01720,0.01770,100.00000,-418.28040,-418.28040,1534.91400,1193.89300,0.00210,0.05120,1756.10300,3.12980,3.14160,2.41600,3.12980,42.19110,-0.4868,-0.4868
2021-03-31,2.32500,2.32500,6.53100,-2.15900,-6.36500,30.68200,24.31700,5.59000,18.72700,18.72700,,18.55500,-6.35300,-6.36500,22.22200,22.22200,0.83000,0.83000,7.15280,0.01820,100.00000,-273.76350,-273.76350,1045.89300,798.06460,0.00200,0.06870,1310.28400,2.04500,2.05290,1.59890,2.04500,41.33360,10.96070,10.96070
2020-12-31,12.00900,12.00900,14.13100,-2.49400,-4.61600,75.59900,70.98300,18.23100,52.75200,52.75200,0.00000,51.11900,-4.60400,-4.61600,22.36900,22.36900,2.28000,2.28000,6.98850,0.01950,100.00000,-38.43780,-38.43780,591.08170,425.67240,0.01020,0.32660,275.53830,5.85230,5.87520,4.49130,5.85230,40.46820,-0.3173,-0.3169
2020-09-30,1.94500,1.94500,3.02600,-2.47100,-3.55200,14.00700,10.45500,3.56400,6.89100,6.89100,-0.13900,5.81500,-3.53400,-3.55200,22.35400,22.35400,0.26000,0.26000,11.09350,0.01500,100.00000,-182.62210,-182.62210,537.53220,298.97170,0.00180,0.08530,1055.61400,0.80680,0.81010,0.62610,0.80680,38.24690,-0.8691,-0.8697
2020-06-30,2.06700,2.06700,3.14800,-2.58000,-3.66100,52.83700,49.17600,11.24100,37.93500,37.93500,-0.26200,35.23700,-4.43800,-3.66100,22.37800,22.37800,1.57000,1.57000,15.47030,0.01150,100.00000,-177.11660,-177.11660,2379.10000,1704.74100,0.00220,0.10240,879.01310,4.44890,4.46730,4.09390,4.44890,38.12940,-12.5348,-12.5362
2020-03-31,2.96200,2.96200,2.23200,-1.37000,-0.64000,-100.09100,-100.73100,-23.66200,-77.06900,-77.06900,-0.23100,-73.35500,0.15900,-0.64000,22.44100,22.44100,-3.27000,-3.27000,16.07210,0.02120,100.00000,-21.60700,-21.60700,-3400.77700,-2476.53600,0.00330,0.15310,587.67400,-9.38950,-9.42990,-8.52450,-9.38950,36.65280,1.22700,0.73310
2019-12-31,9.97800,9.97800,11.01300,1.39500,0.36000,18.61200,18.97200,5.07500,13.89700,13.53800,-1.58900,11.02200,0.36900,0.36000,22.53400,22.53400,0.50000,0.50000,6.69170,0.01830,100.00000,3.60790,3.60790,190.13830,110.46300,0.00990,0.26920,334.28440,1.50850,1.51450,1.33920,1.50850,39.93040,0.0175,0.0059
2019-09-30,2.75400,2.75400,3.07100,-2.27600,-2.59300,10.12400,7.53100,1.63800,5.89300,6.25200,-0.30100,5.95100,-2.59500,-2.59300,22.51400,22.51400,0.26000,0.26000,11.38080,0.02870,100.00000,-94.15400,-94.15400,273.45680,216.08570,0.00280,0.10700,840.75160,0.70340,0.70620,0.62950,0.70340,39.50910,-0.2799,-0.2804
2019-06-30,4.82100,4.82100,5.86800,-2.10400,-3.15100,3.02600,-0.12500,-0.27700,0.15200,0.15200,,-0.93200,-3.14500,-3.15100,22.55200,22.55200,-0.04000,-0.04000,9.22020,0.05200,100.00000,-65.35990,-65.35990,-2.59280,-19.33210,0.00480,0.18510,486.27260,0.01720,0.01730,0.01510,0.01720,39.23970,-1.0373,-1.3144
2019-03-31,4.65200,4.65200,9.57100,-2.95700,-7.87600,38.72100,30.84500,6.19100,24.65400,24.65400,,23.14700,-7.87000,-7.87600,22.58400,22.58400,1.02000,1.02000,11.72850,0.01930,100.00000,-169.30350,-169.30350,663.04810,497.57100,0.00470,0.16100,559.09500,2.77320,2.78420,2.47850,2.77320,39.38000,-0.56260,-0.56260
2018-12-31,8.61400,8.61400,8.43400,-2.46500,-2.28500,-45.64100,-47.92600,-7.27400,-40.65200,-40.65200,,-40.31500,-2.27900,-2.28500,23.07000,23.07000,-1.76000,-1.76000,17.45100,0.01110,100.00000,-26.52660,-26.52660,-556.37330,-468.01720,0.00900,0.28400,316.91200,-4.69290,-4.71200,-4.25930,-4.69290,38.35500,3.1359,3.1359
2018-09-30,4.66600,4.66600,5.90700,-2.25800,-3.49900,-4.58100,-8.08000,-0.85800,-7.22200,-7.22200,,-7.37900,-3.49300,-3.49900,22.97900,22.97900,-0.32000,-0.32000,13.84370,0.02420,100.00000,-74.98930,-74.98930,-173.16760,-158.14400,0.00460,0.23170,388.35410,-0.78170,-0.78470,-0.70740,-0.78170,40.21700,2.4352,2.4352
2018-06-30,4.79600,4.79600,5.87000,-2.37200,-3.44600,19.69700,16.25100,3.38800,12.86300,12.86300,,11.82400,-3.53800,-3.44600,23.08000,23.08000,0.51000,0.51000,16.94410,0.01460,100.00000,-71.85150,-71.85150,338.84480,246.53880,0.00480,0.19970,450.60050,1.41050,1.41600,1.28770,1.41050,39.66490,-0.9842,-0.9842
2018-03-31,4.70300,4.70300,6.39600,-2.55700,-4.25000,-24.85600,-29.10600,-6.73400,-22.37200,-22.37200,,-22.22900,-4.24600,-4.25000,23.50800,23.50800,-0.95000,-0.95000,33.82430,0.00590,100.00000,-90.36790,-90.36790,-618.88150,-472.65570,0.00490,0.22130,406.75100,-2.52000,-2.52970,-2.34180,-2.52000,38.37780,-1.25010,-1.25010
2017-12-31,11.58500,11.58500,12.31400,-2.76000,-3.48900,25.47800,21.98900,6.24700,15.74200,15.74200,,15.80000,-3.48500,-3.48900,23.79200,23.92500,0.67000,0.67000,16.50840,0.00620,100.00000,-30.11650,-30.11650,189.80580,136.38320,0.01150,0.20510,438.82090,1.71450,1.72100,1.56340,1.71450,38.84040,2.1869,2.1869
2017-09-30,5.24800,5.24800,8.35400,-3.00600,-6.11200,7.51200,1.40000,0.06700,1.33300,1.33300,,1.51900,-6.10800,-6.11200,23.84100,23.84100,0.06000,0.06000,14.20020,0.01010,100.00000,-116.46340,-116.46340,26.67680,28.94440,0.00540,0.25780,349.16160,0.14840,0.14900,0.13610,0.14840,37.76050,-5.1031,-5.1031
2017-06-30,5.09500,5.09500,9.34100,-2.20700,-6.45300,10.76900,4.31600,-0.31000,4.62600,4.62600,,4.59600,-6.44900,-6.45300,23.80800,24.04100,0.19000,0.19000,14.26490,0.01030,100.00000,-126.65360,-126.65360,84.71050,90.20610,0.00550,0.30910,291.14430,0.52160,0.52360,0.49910,0.52160,37.11270,0.695,0.695
2017-03-31,4.98700,4.98700,7.22700,-2.09200,-4.33200,-17.10900,-21.44100,-8.42400,-13.01700,-13.01700,,-13.07800,-4.32800,-4.33200,23.82900,23.82900,-0.55000,-0.55000,16.24040,0.00850,100.00000,-86.86590,-86.86590,-429.93780,-262.24190,0.00540,0.33480,268.79090,-1.47610,-1.48190,-1.41850,-1.47610,36.36570,-0.60510,-0.60510
2016-12-31,16.29500,16.29500,13.77600,-2.38700,0.13200,4.59900,4.73100,1.10300,3.62800,3.62800,,3.64700,0.13600,0.13200,24.87000,25.17500,0.15000,0.15000,9.15640,0.01140,100.00000,0.81000,0.81010,29.03350,22.38110,0.01710,0.68190,131.97610,0.41510,0.41670,0.38090,0.41510,36.03620,-2.0715,-2.0715
2016-09-30,5.45100,5.45100,7.78300,-2.16500,-4.49700,10.33300,5.83600,1.80700,4.02900,4.02900,,3.95900,-4.49300,-4.49700,24.91800,25.21900,0.16000,0.16000,23.67900,0.00470,100.00000,-82.49860,-82.49860,107.06290,72.62890,0.00590,0.18380,489.64220,0.44860,0.45030,0.43570,0.44860,35.41140,2.6364,2.6364
2016-06-30,4.96400,4.96400,6.23600,-2.08000,-3.35200,4.92200,1.57000,0.30500,1.26500,1.26500,,1.01900,-3.34600,-3.35200,24.85400,25.18900,0.04000,0.04000,9.44150,0.00870,100.00000,-67.52620,-67.52620,31.62770,20.52780,0.00620,0.17180,523.88200,0.16760,0.16830,0.15750,0.16760,29.65610,-0.3062,-0.3062
2016-03-31,4.51700,4.51700,7.23000,-1.80200,-4.51500,6.72300,2.20800,0.66100,1.54700,1.54700,,1.59300,-4.51200,-4.51500,24.86300,25.17700,0.06000,0.06000,9.62330,0.01050,100.00000,-99.95570,-99.95570,48.88200,35.26680,0.00560,0.15990,562.83370,0.20240,0.20330,0.19040,0.20240,30.14620,0.00300,0.00300
2015-12-31,8.99500,8.99500,13.39300,-1.48500,-5.88300,11.25100,5.36800,1.46900,3.89900,3.89900,,4.18900,-5.87900,-5.88300,24.88700,25.17000,0.17550,0.17560,7.76490,0.01280,100.00000,-65.40300,-65.40300,59.67760,46.57030,0.01070,0.13060,689.01290,0.51880,0.52110,0.46600,0.51880,29.54200,-4.4597,-4.4597
2015-09-30,4.69000,4.69000,4.33500,-1.43600,-1.08100,-11.31100,-12.39200,-4.38800,-8.00400,-8.00400,,-7.54000,-1.07800,-1.08100,24.94700,25.24100,-0.30000,-0.30000,5.43060,0.00890,100.00000,-23.04900,-23.04900,-264.22170,-160.76760,0.00640,0.08560,1051.36900,-1.27140,-1.27800,-1.09510,-1.27140,,0.587,0.587
2015-06-30,4.59000,4.59000,6.33300,-1.72500,-3.46800,4.43900,0.97100,0.13300,0.83800,0.83800,,0.85500,-3.46500,-3.46800,25.06500,25.35800,0.03000,0.03000,4.94760,0.01500,100.00000,-75.55560,-75.55560,21.15470,18.62750,0.00600,0.07880,1142.54900,0.12830,0.12900,0.10930,0.12830,,0.4873,0.4873
2015-03-31,4.56700,4.56700,6.90400,-1.54300,-3.88000,7.35700,3.47700,1.10100,2.37600,2.37600,,2.38500,-3.87700,-3.88000,25.13200,25.41400,0.09000,0.09000,7.11390,0.01370,100.00000,-84.95730,-84.95730,76.13310,52.22250,0.00660,0.21460,419.47450,0.38060,0.38260,0.34140,0.38060,,1.50420,1.50420
2014-12-31,,,,,,,,,,,,,,,,,,0.00000,,,,,,,,,,,,,,,,1.3525,1.3525
2014-09-30,4.89500,4.89500,3.75100,-1.89200,-0.74800,-8.63000,-9.37800,-2.56100,-6.81700,-6.81700,,-3.78300,-0.74800,-0.74800,25.29600,25.51700,-0.15000,-0.15000,5.81830,0.02250,100.00000,-15.28090,-15.28090,-191.58330,-77.28290,0.00610,0.06050,1487.30800,-1.08170,-1.08730,-0.85370,-1.08170,,-1.3525,-1.3525
