Date,revenue,cost-goods-sold,gross-profit,research-development-expenses,selling-general-administrative-expenses,operating-expenses,operating-income,total-non-operating-income-expense,pre-tax-income,total-provision-income-taxes,income-after-taxes,income-from-continuous-operations,net-income,ebitda,ebit,basic-shares-outstanding,shares-outstanding,eps-basic-net-earnings-per-share,eps-earnings-per-share-diluted,current-ratio,long-term-debt-capital,debt-equity-ratio,gross-margin,operating-margin,ebit-margin,pre-tax-profit-margin,net-profit-margin,asset-turnover,inventory-turnover,receiveable-turnover,days-sales-in-receivables,roe,return-on-tangible-equity,roa,roi,book-value-per-share,operating-cash-flow-per-share,free-cash-flow-per-share
2024-09-30,18.46400,0.85100,17.61300,32.50200,20.67500,53.17700,-35.56400,-8.05500,-43.61900,0.09000,-43.70900,-43.96900,-43.96900,-34.76200,-35.56400,104.82500,104.82500,-0.42000,-0.42000,4.92040,-1.97710,-0.66410,95.39100,-192.61260,-192.61260,-236.23810,-238.13370,0.05290,0.05290,0.76840,117.13060,25.57140,25.57140,-12.59570,76.12760,-1.77840,-0.1689,-0.1704
2024-06-30,17.41000,1.21700,16.19300,24.29500,20.93900,45.23400,-29.04100,-6.67200,-35.71300,0.23400,-35.94700,-36.54400,-36.54400,-28.20300,-29.04100,95.69130,95.69130,-0.38000,-0.38000,6.16600,-6.31620,-0.86330,93.00980,-166.80640,-166.80640,-205.12920,-209.90240,0.04680,0.08010,0.76130,118.21480,27.75430,27.75420,-9.82950,203.05600,-1.36490,-0.2699,-0.2693
2024-03-31,18.05300,2.51000,15.54300,25.73500,23.42100,49.15600,-33.61300,-12.14300,-45.75600,0.16300,-45.91900,-46.60600,-46.60600,-32.77000,-33.61300,82.55200,82.55200,-0.56000,-0.56000,4.60750,-1.39430,-0.58230,86.09650,-186.19070,-186.19070,-253.45370,-258.16210,0.05860,0.15690,0.77860,115.58970,23.96820,23.96820,-15.13350,57.38590,-2.34910,-0.53410,-0.54060
2023-12-31,16.79000,1.21600,15.57400,30.33000,25.22200,55.55200,-39.97800,0.10700,-39.87100,43.17100,-83.04200,-85.03100,-85.03100,-39.13100,-39.97800,81.71200,81.71200,-1.04000,-1.04000,4.96960,-3.17380,-0.76040,92.75760,-238.10620,-238.10610,-237.46880,-506.43840,0.04730,0.07520,0.66670,134.98390,57.35690,57.35690,-23.96710,239.39590,-1.80150,-0.3942,-0.3984
2023-09-30,14.49300,0.20800,14.28500,27.08000,23.35400,50.43400,-36.14900,-9.25300,-45.40200,-0.08500,-45.31700,-46.72600,-46.72600,-35.26400,-36.14900,82.25700,82.25700,-0.57000,-0.57000,4.80270,2.24480,-2.06780,98.56480,-249.42380,-249.42380,-313.26850,-322.40390,0.03100,0.00920,0.68430,131.52560,86.24050,70.22350,-10.00770,-107.35190,,-0.4399,-0.4477
2023-06-30,19.28300,1.13200,18.15100,31.34200,26.45800,57.80000,-39.64900,-13.00400,-52.65300,-4.49800,-48.15500,-48.92200,-48.92200,-38.83700,-39.64900,81.47110,81.47110,-0.60000,-0.60000,5.12290,1.09680,-12.94880,94.12960,-205.61630,-205.61630,-273.05400,-253.70530,0.03800,0.05830,0.80800,111.39030,569.58760,221.11650,-9.64360,-55.11280,,-0.4279,-0.4426
2023-03-31,18.99200,-0.02700,19.01900,38.37500,30.85400,69.22900,-50.21000,-7.28300,-57.49300,0.51800,-58.01100,-59.37400,-59.37400,-49.48700,-50.21000,80.80600,80.80600,-0.73000,-0.73000,4.68650,0.72020,2.93340,100.14220,-264.37450,-264.37450,-302.72220,-312.62640,0.04060,-0.00150,0.79010,113.90740,-157.55310,-246.37540,-12.69570,-44.08000,,-0.19050,-0.20310
2022-12-31,69.79800,-0.78900,70.58700,47.29200,33.75000,81.04200,-10.45500,-1.89100,-12.34600,3.05500,-15.40100,-25.48500,-25.48500,-9.81900,-10.45500,78.15300,78.15300,-0.30000,-0.30000,5.30860,0.58000,1.38090,101.13040,-14.97900,-14.97900,-17.68820,-36.51250,0.14220,-0.06540,0.95650,94.09140,-32.07640,-32.07640,-5.19190,-13.47240,0.98520,-0.689,-0.6918
2022-09-30,76.32100,1.29500,75.02600,41.67600,36.46400,78.14000,-3.11400,-48.20500,-51.31900,-0.71100,-50.60800,-50.60800,-50.60800,-2.54200,-3.11400,78.37300,78.37300,-0.65000,-0.65000,5.00270,0.48000,1.04220,98.30320,-4.08010,-4.08010,-67.24100,-66.30940,0.14350,0.08220,3.28250,27.41830,-48.29790,-56.11580,-9.51710,-25.11390,,0.0491,0.0467
2022-06-30,17.29100,2.26600,15.02500,48.53700,35.89900,84.43600,-69.41100,4.09000,-65.32100,-0.94700,-64.37400,-64.37400,-64.37400,-68.82500,-69.41100,76.91200,76.91200,-0.84000,-0.84000,5.76030,0.45800,0.90210,86.89490,-401.42850,-401.42850,-377.77450,-372.29770,0.03320,0.15470,0.82880,108.59230,-55.80950,-63.88150,-12.36860,-30.24710,,-0.6888,-0.6894
2022-03-31,46.49800,0.52900,45.96900,48.95200,37.38100,86.33300,-40.36400,22.53300,-17.83100,-1.17000,-16.66100,-16.66100,-16.66100,-39.77000,-40.36400,76.82200,76.82200,-0.22000,-0.22000,6.89110,0.40450,0.71960,98.86230,-86.80800,-86.80800,-38.34790,-35.83170,0.07990,0.04470,1.73810,51.78030,-10.24240,-11.19570,-2.86330,-6.09900,,-0.44100,-0.44400
2021-12-31,17.01000,0.77000,16.24000,42.49200,36.52900,79.02100,-62.78100,6.42900,-56.35200,-21.97100,-34.38100,-34.38100,-34.38100,-62.02200,-62.78100,76.74800,76.74800,-0.45000,-0.45000,7.10330,0.42960,0.79280,95.47320,-369.08300,-369.08310,-331.28750,-202.12220,0.02750,0.06920,0.56290,159.88360,-20.70050,-22.54400,-5.56350,-11.80720,2.16230,-0.8028,-0.8082
2021-09-30,13.14700,0.50200,12.64500,36.80500,33.63200,70.43700,-57.79200,-13.61200,-71.40400,0.14500,-71.54900,-71.54900,-71.54900,-57.13400,-57.79200,76.74000,76.74000,-0.93000,-0.93000,9.58530,0.43200,0.79560,96.18160,-439.58310,-439.58310,-543.12010,-544.22300,0.02060,0.06270,0.82710,108.81870,-38.19860,-41.12200,-11.21500,-21.69820,,-0.7632,-0.7816
2021-06-30,3.76000,0.12100,3.63900,39.53300,34.58800,74.12100,-70.48200,-1.84700,-72.32900,0.24000,-72.56900,-72.56900,-72.56900,-69.84700,-70.48200,76.72900,76.72900,-0.95000,-0.95000,7.65900,0.35500,0.57580,96.78190,-1874.52100,-1874.52100,-1923.64400,-1930.02700,0.00810,0.01570,1.80860,49.76330,-29.75140,-31.29220,-15.62690,-19.18880,,-0.756,-0.7683
2021-03-31,,,,39.17200,31.49300,,-70.66500,19.24500,-51.42000,0.10700,-51.52700,-51.52700,-51.52700,-70.08700,-70.66500,76.72200,76.72200,-0.67000,-0.67000,9.49910,0.22760,0.30680,,,,,,,,,,-17.29280,-17.90250,-11.16020,-13.35660,,-0.71880,-0.72740
2020-12-31,,,,48.55200,29.44900,,-78.00100,22.19800,-55.80300,0.12600,-55.92900,-55.92900,-55.92900,-77.18200,-78.00100,65.41000,65.41000,-0.62000,-0.62000,11.13980,0.24350,0.33270,,,,,,,,,,-16.67010,-17.19170,-10.88770,-12.61120,4.37300,-0.9292,-0.9326
2020-09-30,,,,32.15500,20.27300,,-52.42800,32.09700,-20.33100,-0.00300,-20.32800,-20.32800,-20.32800,-51.93900,-52.42800,70.91400,70.91400,-0.29000,-0.29000,15.55200,0.22150,0.29150,,,,,,,,,,-5.40550,-5.55040,-3.89780,-4.20840,4.90180,-0.4932,-0.4984
2020-06-30,,,,25.95000,18.99900,,-44.94900,-81.50400,-126.45300,0.10400,-126.55700,-126.55700,-126.55700,-44.51200,-44.94900,62.86400,62.86400,-2.01000,-2.01000,11.44880,0.41610,0.72860,,,,,,,,,,-64.47060,-67.50530,-33.85310,-37.64170,2.77590,-0.5272,-0.5289
2020-03-31,,,,35.37500,8.51000,,-43.88500,0.50900,-43.37600,0.10000,-43.47600,-43.47600,-43.47600,-43.44200,-43.88500,50.95900,50.95900,-0.85000,-0.85000,,,,,,,,,,,,,,,,,,-0.63000,-0.63190
2019-12-31,,,,,,,,,,,,,,,,,,,0.00000,,,,,,,,,,,,,,,,,,1.7368,1.7405
2019-09-30,,,,30.54100,2.30200,,-32.84300,1.77000,-31.07300,0.26800,-31.34100,-31.34100,-31.34100,-32.48900,-32.84300,50.62630,50.62630,-0.62000,-0.62000,,,,,,,,,,,,,,,,,,-0.5682,-0.5688
2019-06-30,1.96200,,1.96200,21.76000,4.08900,,-23.88700,0.63300,-23.25400,0.09400,-23.34800,-23.34800,-23.34800,-23.88700,-23.88700,47.65400,47.65400,-0.49000,-0.49000,,,,100.00000,-1217.48200,-1217.48200,-1185.21900,-1190.01000,,,,,,,,,,-1.1686,-1.1717
2018-12-31,,,,,,,,,,,,,,,,,,,0.00000,,,,,,,,,,,,,,,,,,0,0
