Date,revenue,cost-goods-sold,gross-profit,research-development-expenses,selling-general-administrative-expenses,other-operating-income-expenses,operating-expenses,operating-income,total-non-operating-income-expense,pre-tax-income,total-provision-income-taxes,income-after-taxes,income-from-continuous-operations,net-income,ebitda,ebit,basic-shares-outstanding,shares-outstanding,eps-basic-net-earnings-per-share,eps-earnings-per-share-diluted,current-ratio,long-term-debt-capital,debt-equity-ratio,gross-margin,operating-margin,ebit-margin,pre-tax-profit-margin,net-profit-margin,asset-turnover,inventory-turnover,receiveable-turnover,days-sales-in-receivables,roe,return-on-tangible-equity,roa,roi,book-value-per-share,operating-cash-flow-per-share,free-cash-flow-per-share
2023-12-31,,,,,,,,,,,,,,,,,,,,0.00000,,,,,,,,,,,,,,,,,,,
2018-09-30,13.05970,10.82770,2.23190,0.07420,1.51340,-0.03300,2.32690,-0.09500,-0.83230,-0.92720,0.00000,-0.92720,-0.92720,-0.92720,0.91290,-0.09500,0.00140,0.00140,-680.00000,-680.00000,1.15320,,2.58500,17.09020,-0.72710,-0.72710,-7.09990,-7.09990,0.23110,30.84280,0.29390,306.20300,-9.71220,-9.71220,-1.64080,-9.71220,1.71110,0.13920,0.13920
2018-06-30,9.44380,8.19030,1.25350,0.10420,2.18430,-3.41930,5.70780,-4.45420,-0.50440,-4.95870,,-4.95870,-4.95870,-4.95870,-4.13680,-4.45420,0.00070,0.00070,-5959.99900,-5959.99900,1.15910,,2.68630,13.27340,-47.16560,-47.16560,-52.50690,-52.50690,0.17690,19.17240,0.21080,426.85730,-51.10860,-51.10860,-9.28590,-51.10850,1.76930,-0.1607,-0.1865
2018-03-31,12.26730,10.15600,2.11130,0.29100,1.73080,0.53820,1.48350,0.62780,-0.37470,0.25310,,0.25310,0.25310,0.25310,0.94360,0.62780,0.00060,0.00060,440.00000,440.00000,1.13870,,2.85390,17.21110,5.11760,5.11760,2.06310,2.06310,0.20890,20.18610,0.25150,357.86260,2.58030,2.58030,0.43110,2.58030,4.11150,0.0144,0.0119
2017-12-31,10.25510,8.35410,1.90100,0.69630,1.36250,0.85660,1.20210,0.69880,-0.40270,0.29620,,0.29620,0.29620,0.29620,1.00330,0.69880,0.00060,0.00060,480.00000,480.00000,1.09390,,3.07780,18.53740,6.81470,6.81470,2.88830,2.88830,0.15040,11.10520,0.20730,434.15810,3.36460,3.36450,0.43450,3.36460,3.69020,0.2929,0.2792
2017-09-30,13.76850,12.32210,1.44640,0.09070,1.41210,-0.15970,1.66250,-0.21610,-2.77440,-2.99060,0.00000,-2.99060,-2.99060,-2.99060,0.08560,-0.21610,0.00060,0.00060,-5000.00000,-5000.00000,1.06400,,3.65050,10.50520,-1.56980,-1.56980,-21.72060,-21.72060,0.17640,28.79450,0.27370,328.78640,-37.77310,-37.77310,-3.83110,-37.77310,3.31870,0.68670,0.68170
2017-06-30,9.26630,7.77070,1.49570,0.05790,1.04370,0.24880,0.85280,0.64280,-1.57650,-0.93370,,-0.93370,-0.93370,-0.93370,0.93120,0.64280,0.00060,0.00060,-2079.99900,-2079.99900,1.08840,,3.21020,16.14100,6.93740,6.93740,-10.07620,-10.07620,0.11530,12.39860,0.19390,464.09820,-9.45130,-9.45130,-1.16160,-9.45130,4.14110,-1.5329,-1.6041
2017-03-31,13.59290,12.12500,1.46780,0.09900,1.54860,0.76150,0.88620,0.58170,-0.21320,0.36850,,0.36850,0.36850,0.36850,0.87280,0.58170,0.00060,0.00060,600.00000,600.00000,1.09040,,2.66350,10.79850,4.27940,4.27940,2.71090,2.71090,0.15620,17.97290,0.30530,294.78760,3.46920,3.46920,0.42350,3.46920,4.45310,2.6425,2.6421
2016-12-31,14.73240,15.64850,-0.91620,0.61030,1.21450,-2.27700,4.10180,-5.01800,-0.13420,-5.15210,,-5.15210,-5.15210,-5.15210,-4.72410,-5.01800,0.00060,0.00060,-8640.00000,-8640.00000,1.07420,,3.68720,-6.21870,-34.06080,-34.06080,-34.97160,-34.97160,0.15580,25.44420,0.33800,266.28260,-50.35510,-50.35510,-5.44750,-50.35510,4.28890,-1.9416,-1.9466
2016-09-30,7.45690,8.40930,-0.95240,0.07920,1.86290,-2.08530,4.02740,-4.97980,-0.34090,-5.32080,0.00000,-5.32080,-5.32080,-5.32080,-4.67470,-4.97980,0.00060,0.00060,-9359.99900,-9359.99900,1.15210,,2.40660,-12.77230,-66.78200,-66.78200,-71.35400,-71.35400,0.08090,12.17230,0.18440,488.08000,-33.23470,-33.23470,-5.77180,-33.23470,6.71210,1.58300,1.56640
2016-06-30,7.17460,8.15590,-0.98130,0.08050,1.70410,-5.28440,7.06900,-8.05030,-0.53900,-8.58940,,-10.33440,-10.33440,-10.33440,-7.60540,-8.05030,0.00050,0.00050,-18960.00000,-18960.00000,1.22100,,1.63840,-13.67750,-112.20670,-112.20670,-119.71980,-144.04150,0.07520,7.96880,0.15140,594.36900,-48.91370,-48.91370,-10.82940,-48.91370,9.69690,1.0073,0.9124
2016-03-31,16.05150,16.96730,-0.91580,0.34020,1.84720,0.88150,1.30590,-2.22170,-0.40620,-2.62790,,-2.62790,-2.62790,-2.62790,-1.73310,-2.22170,0.00050,0.00050,-4840.00000,-4840.00000,1.32080,,1.22270,-5.70520,-13.84110,-13.84110,-16.37150,-16.37150,0.15030,14.75550,0.37010,243.17770,-8.17430,-8.17430,-2.46020,-8.17430,14.75480,2.0981,2.0981
2015-12-31,16.97980,14.96270,2.01700,0.15630,1.71900,-1.56770,3.44300,-1.42590,-0.32570,-1.75160,,-1.75160,-1.75160,-1.75160,-0.92020,-1.42590,0.00050,0.00050,-3200.00000,-3200.00000,1.30710,,1.35820,11.87900,-8.39790,-8.39790,-10.31600,-10.31600,0.14560,9.46140,0.41110,218.92870,-5.06870,-5.06870,-1.50210,-5.06870,15.86090,-3.8577,-3.8583
2015-09-30,13.47280,11.85530,1.61750,0.13040,1.54470,-0.89480,2.57000,-0.95240,-0.13970,-1.09220,,-1.09220,-1.09220,-1.09220,-0.43860,-0.95240,0.00050,0.00050,-2000.00000,-2000.00000,1.36400,,1.17120,12.00560,-7.06920,-7.06920,-8.10630,-8.10630,0.12210,8.79140,0.34160,263.46720,-2.94970,-2.94970,-0.98970,-2.94970,16.99330,3.44450,3.44450
2015-06-30,11.48080,10.06940,1.41150,0.13500,1.83860,-1.48230,3.45580,-2.04430,0.09450,-1.94980,0.37400,-2.32380,-2.32380,-2.32380,-1.52260,-2.04430,0.00050,0.00050,-4280.00000,-4760.00000,1.31490,,1.47040,12.29410,-17.80650,-17.80650,-16.98330,-20.24070,0.08960,7.10780,0.27710,324.83410,-5.85330,-5.85330,-1.81310,-5.85330,18.22110,-0.1161,-0.117
2015-03-31,5.13700,5.30040,-0.16330,0.15950,2.73720,4.72000,-1.82330,1.65990,-0.30240,1.35750,0.38010,0.97740,0.97740,0.97740,2.18130,1.65990,0.00050,0.00050,1880.00000,1880.00000,1.31800,,1.60070,-3.17970,32.31340,32.31340,26.42580,19.02710,0.03870,3.27770,0.12160,739.89910,2.35090,2.35090,0.73720,2.35090,19.99920,3.4068,3.4347
2014-12-31,17.63900,16.05150,1.58750,0.34890,2.89950,-1.42850,4.67690,-3.08940,0.19640,-2.89300,0.00960,-2.90270,-2.90270,-2.90270,-2.56700,-3.08940,0.00050,0.00050,-6400.00000,-5920.00000,1.27550,,1.59970,9.00000,-17.51460,-17.51460,-16.40120,-16.45590,0.12720,7.14150,0.31300,287.50140,-7.16640,-7.16640,-2.09370,-7.16640,19.48300,-5.8465,-5.8485
2014-09-30,21.21380,19.32880,1.88490,0.50020,2.66730,0.94720,2.22030,-0.33530,0.75690,0.42160,0.33670,0.08490,0.08490,0.08490,0.22660,-0.33530,0.00040,0.00040,200.00000,200.00000,1.29530,0.01280,1.39480,8.88530,-1.58070,-1.58070,1.98730,0.40030,0.15130,11.33990,0.36540,246.29120,0.20040,0.20040,0.06060,0.19790,22.27170,-4.14710,-4.16520
2014-06-30,19.67080,17.61430,2.05650,0.65730,1.97350,0.43590,2.19490,-0.13850,1.14370,1.00520,1.07320,-0.06800,-0.06800,-0.06800,0.84060,-0.13850,0.00040,0.00040,-239.99710,-239.99710,1.23280,0.02830,1.81250,10.45460,-0.70390,-0.70390,5.11010,-0.34590,0.12890,11.27450,0.36780,244.72900,-0.16840,-0.16840,-0.04460,-0.16360,27.19860,-4.2603,-4.5749
2014-03-31,7.02830,7.10680,-0.07850,0.37530,3.05730,-0.60360,4.03640,-4.11480,0.44200,-3.67280,1.37210,-5.04490,-5.04490,-5.04490,-3.65880,-4.11480,0.00040,0.00040,-13560.00000,-13560.00000,1.25730,0.04240,1.63010,-1.11750,-58.54680,-58.54680,-52.25750,-71.77950,0.05070,5.07200,0.15710,572.96280,-12.46700,-12.46700,-3.63990,-11.93780,27.24270,2.6592,2.6182
2013-12-31,11.82830,10.32070,1.50760,0.24760,2.73530,-5.05980,8.04270,-6.53500,0.83620,-5.69880,,-5.69880,-5.69880,-5.69880,-6.05670,-6.53500,0.00040,0.00040,-15320.00000,-15320.00000,1.29380,0.05080,1.44320,12.74590,-55.24900,-55.24900,-48.17910,-48.17910,0.07960,9.15690,0.21190,424.68210,-12.42420,-12.42420,-3.83700,-11.79350,30.87990,8.2964,8.4269
2013-09-30,10.16340,9.02590,1.13750,0.20400,2.91060,-4.41890,7.53350,-6.39600,0.56060,-5.83540,,-5.83540,-5.83540,-5.83540,-5.91010,-6.39600,0.00040,0.00040,-15680.00000,-15680.00000,1.31680,0.05750,1.37370,11.19230,-62.93140,-62.93140,-57.41560,-57.41560,0.06390,8.94540,0.14750,610.01540,-11.37600,-11.37600,-3.66730,-10.72150,34.53360,-1.95640,-1.99520
2013-06-30,14.87140,11.73780,3.13360,1.39900,3.12720,-6.31720,10.84340,-7.70980,1.15230,-6.55750,-0.64200,-5.91540,-5.91540,-5.91540,-7.14320,-7.70980,0.00040,0.00040,-15960.00000,-15960.00000,1.44380,0.05910,0.87800,21.07140,-51.84280,-51.84280,-44.09440,-39.77710,0.10200,10.45800,0.19850,453.44600,-10.43430,-10.43430,-4.05790,-9.81760,38.16330,-12.6955,-12.7365
2013-03-31,7.22760,7.16930,0.05830,0.20530,3.76120,-5.13890,9.10540,-9.04710,0.29300,-8.75410,0.03600,-8.79010,-8.79010,-8.79010,-8.11100,-9.04710,0.00040,0.00040,-23640.00000,-23640.00000,1.63520,0.05660,0.33100,0.80680,-125.17470,-125.17470,-121.12010,-121.61860,0.05780,8.46940,0.09330,964.92840,-14.22480,-14.22480,-7.03310,-13.41970,3.46740,-1.2768,-1.2772
2012-12-31,21.57740,18.38180,3.19560,0.28490,2.45730,-4.39100,7.13320,-3.93770,0.40580,-3.53190,-0.02380,-3.50810,-3.50810,-3.50810,-3.04990,-3.93770,0.00040,0.00040,-9439.99900,-9439.99900,1.43780,,0.25690,14.80990,-18.24900,-18.24900,-16.36850,-16.25800,0.14950,17.98930,0.27620,325.89160,-4.99810,-4.99810,-2.43010,-4.99810,3.93830,3.2161,3.5251
2012-09-30,30.81060,23.47770,7.33290,0.28890,3.18960,-9.68600,13.16450,-5.83160,1.24590,-4.58570,0.79920,-5.38480,-5.38480,-5.38480,-4.92250,-5.83160,0.00040,0.00040,-14480.00000,-14480.00000,1.53110,,0.32270,23.80010,-18.92710,-18.92710,-14.88340,-17.47720,0.18640,20.41540,0.27870,322.92430,-7.33030,-7.32830,-3.25700,-7.32930,,-0.78430,-0.81980
2012-06-30,39.08300,30.86000,8.22300,2.94000,16.68000,,19.62000,-11.39700,2.62000,-6.33000,-0.77000,-5.56000,-5.56100,-5.56100,-10.31620,-11.39700,0.03740,0.03740,-148.86000,-148.86000,1.61080,,0.24060,21.05780,-29.16100,-29.16100,-16.19630,-14.22870,0.23800,15.11150,0.35120,256.24560,-7.03890,-7.03890,-3.38650,-7.03890,4.43300,-262.5837,-247.5966
2012-03-31,18.91450,16.84080,2.07370,0.68450,3.07690,-3.55910,7.32050,-5.24680,0.65220,-4.59460,-0.38920,-4.20540,-4.20540,-4.20540,-4.13880,-5.24680,0.00040,0.00040,-11524.61000,-11524.61000,1.66020,,0.27170,10.96360,-27.73960,-27.73960,-24.29130,-22.23380,0.11500,8.42040,0.18450,487.91140,-4.97620,-4.97560,-2.55630,-4.97560,,-0.3579,-0.36
2011-12-31,42.55990,35.02640,7.53350,1.75470,3.52200,-3.35950,8.63620,-1.10270,1.88470,0.78200,0.33740,0.44460,0.44460,0.44460,0.00850,-1.10270,0.00040,0.00040,960.38400,960.38400,1.71640,,0.24990,17.70090,-2.59090,-2.59090,1.83750,1.04470,0.25760,16.67930,0.41390,217.45120,0.50460,0.50440,0.26910,0.50450,,-156.7638,-155.6973
2011-09-30,44.58500,33.83000,10.75500,0.00000,9.71000,,9.71000,1.04500,2.75000,3.79000,0.70000,3.09000,3.09200,3.09200,2.12500,1.04500,0.03710,0.03710,81.63300,81.63300,1.78490,,0.04940,24.11130,2.34380,2.34380,8.50060,6.93510,0.28940,15.30770,0.43250,208.09910,3.54830,3.54750,2.00690,3.54750,,156.60380,155.52560
2011-06-30,49.30000,38.51000,10.79000,0.00000,9.14000,,9.14000,1.65000,4.56000,6.22000,-0.73000,6.95000,6.96200,6.96200,2.73000,1.65000,0.03700,0.03710,187.27500,187.27500,1.77230,,0.18620,21.92700,3.34690,3.34690,12.61660,14.12170,0.34040,26.19730,0.56650,158.86000,8.38090,8.37890,4.80700,8.37990,,-14.9229,-46.3682
2011-03-31,23.11800,19.08000,4.03800,0.00000,2.64000,,2.64000,1.39800,2.73000,4.12000,0.56000,3.56000,3.56300,3.56300,2.39800,1.39800,0.03700,0.03820,96.03800,91.23600,1.71450,,0.19350,17.43230,6.04720,6.04720,17.82160,15.41220,0.17320,9.17310,0.31320,287.34750,4.75640,4.75510,2.66970,4.75510,,6.2627,3.9356
2010-12-31,34.52600,27.84000,6.68600,0.00000,2.63000,,2.63000,4.05600,0.16000,4.21000,0.97000,3.24000,3.23200,3.23200,5.00600,4.05600,0.03680,0.03790,86.43500,86.43500,1.69870,,0.20420,19.34770,11.74770,11.74770,12.19370,9.36110,0.27490,11.40980,0.52240,172.27880,4.59740,4.59610,2.57320,4.59610,,-16.3828,-35.81
2010-09-30,30.95700,26.83000,4.12700,0.00000,2.19000,,2.19000,1.93700,2.10000,4.03000,0.72000,3.31000,3.30800,3.30800,2.79700,1.93700,0.03650,0.03750,91.23600,86.43500,1.68190,,0.15970,13.30880,6.25710,6.25710,13.01810,10.68580,0.27980,15.41950,0.58730,153.24160,5.03350,5.03190,2.98960,5.03270,,-47.73330,-32.00000
2010-06-30,30.94500,24.30000,6.64500,0.00000,1.87000,,1.87000,4.77500,3.60000,8.42000,1.23000,7.19000,7.19200,7.19200,5.58500,4.77500,0.03750,0.03750,192.07700,192.07700,2.13160,,,21.52210,15.43060,15.43060,27.20960,23.24120,0.36150,11.25000,0.82540,109.03540,11.75740,11.75360,8.40090,11.75550,,-133.7217,-189.2492
2010-03-31,16.45100,12.28000,4.17100,0.00000,1.53000,,1.53000,2.64100,0.37000,2.99000,0.60000,2.39000,2.39200,2.39200,3.25100,2.64100,0.02900,0.03420,76.83100,72.02900,1.49390,,0.00260,25.28720,16.05370,16.05370,18.17520,14.54020,0.18920,5.99020,0.55790,161.33370,4.80710,4.48110,2.75040,4.48110,,97.0285,-28.7042
2009-12-31,26.16400,20.93000,5.23400,0.00000,1.15000,,1.15000,4.08400,4.68000,8.75000,0.81000,7.94000,7.94500,7.94500,4.86400,4.08400,0.02580,0.03320,297.71900,240.09600,1.23320,,0.00350,19.98930,15.60920,15.60920,33.44290,30.36620,0.35740,11.19250,1.04450,86.16800,22.38660,19.99250,10.85380,19.99250,,-34.749,-40.322
2009-09-30,19.48100,16.19000,3.29100,0.00000,0.89000,,0.89000,2.40100,-6.37000,-3.98000,0.53000,-4.51000,-4.52300,-4.52300,3.12100,2.40100,0.02290,0.02290,-211.28500,-211.28500,1.42780,,0.00370,16.83690,12.32480,12.32480,-20.43020,-23.21750,0.32570,9.81210,1.03900,86.62290,-18.70550,-15.01660,-7.56100,-15.02160,,66.37550,62.00870
2009-06-30,14.47300,9.81000,4.66300,0.00000,-0.36000,,-0.36000,5.02300,0.62000,5.67000,-0.40000,6.07000,5.67100,5.67100,5.88300,5.02300,0.02190,0.02790,244.89800,192.07700,1.26310,,0.12430,32.33610,34.70600,34.70600,39.17640,39.18330,0.25700,8.10740,0.92420,97.38130,18.89070,15.63120,10.07100,15.63120,,112.8959,51.1674
2009-03-31,9.27700,5.39000,3.88700,0.00000,0.81000,,0.81000,3.07700,0.16000,3.23000,0.94000,2.29000,2.29400,2.29400,3.61700,3.07700,0.02190,0.02920,91.23600,67.22700,1.50770,,0.15360,41.82390,33.16810,33.16810,34.81730,24.72780,0.19990,7.00000,0.58490,153.86440,9.38630,7.46500,4.94290,7.46740,,7.5342,5.8219
