Date,revenue,cost-goods-sold,gross-profit,research-development-expenses,selling-general-administrative-expenses,other-operating-income-expenses,operating-expenses,operating-income,total-non-operating-income-expense,pre-tax-income,total-provision-income-taxes,income-after-taxes,income-from-continuous-operations,net-income,ebitda,ebit,basic-shares-outstanding,shares-outstanding,eps-basic-net-earnings-per-share,eps-earnings-per-share-diluted,current-ratio,long-term-debt-capital,debt-equity-ratio,gross-margin,operating-margin,ebit-margin,pre-tax-profit-margin,net-profit-margin,asset-turnover,inventory-turnover,receiveable-turnover,days-sales-in-receivables,roe,return-on-tangible-equity,roa,roi,book-value-per-share,operating-cash-flow-per-share,free-cash-flow-per-share
2024-06-30,0.80500,0.15500,0.65000,3.58700,6.37200,0.67700,9.28300,-8.63300,-2.64000,-11.27300,,-11.27300,-11.27300,-11.27300,-8.23300,-8.63300,2.63420,2.63420,-4.28000,-4.28000,0.43820,-0.22930,-0.18650,80.74530,-1072.42200,-1072.42200,-1400.37300,-1400.37300,0.05600,0.07800,0.87310,103.08070,391.56020,381.48920,-78.45360,481.34070,-1.09200,-0.7134,-0.5989
2024-03-31,3.45100,1.01900,2.43200,1.41500,6.90300,1.58200,6.73700,-4.30500,-5.10600,-9.41100,-0.05500,-9.35600,-9.35600,-9.35600,-3.58700,-4.30500,2.58490,2.58490,-3.62000,-3.62000,0.41880,,,70.47230,-124.74640,-124.74640,-272.70360,-271.10980,0.10730,0.49060,3.18060,28.29620,-153.90690,-155.88140,-29.09930,-153.90690,2.33350,-1.11260,-1.12380
2023-12-31,1.50600,12.44200,-10.93600,3.95700,6.73200,-0.12700,14.63700,-25.57300,-0.16000,-25.73300,0.00700,-25.74000,-25.74000,-25.73200,-25.57300,-25.57300,1.91720,1.91720,-12.05400,-12.05400,0.74160,,,-726.16190,-1698.07400,-1698.07400,-1708.69800,-1708.63200,0.04340,4.59620,7.88480,11.41430,-191.40400,-192.53500,-74.09970,-191.40390,5.21210,-3.6501,-3.6702
2023-09-30,1.26400,2.45600,-1.19200,2.13100,8.91600,0.69900,10.46500,-11.65700,-0.26900,-11.92600,-0.08000,-11.84600,-11.84600,-11.84600,-11.65700,-11.65700,2.01040,2.01040,-6.00600,-6.00600,1.83520,,,-94.30380,-922.23100,-922.23100,-943.51260,-937.18350,0.02280,0.17650,1.51740,59.31170,-36.35750,-38.46980,-21.38380,-36.35750,15.75370,-2.4871,-2.7731
2023-06-30,1.11200,1.90500,-0.79300,2.88300,8.33100,0.67100,20.49400,-21.28700,-0.54000,-21.82700,-0.00400,-21.82300,-21.82300,-21.83100,-10.52700,-21.28700,1.78060,1.78060,-12.26000,-12.26000,2.35200,,,-71.31290,-1914.29900,-1914.29900,-1962.86000,-1963.21900,0.01740,0.12560,1.09020,82.55400,-54.47710,-57.20320,-34.15070,-54.47720,20.59170,-4.0098,-4.2399
2023-03-31,0.97700,1.48400,-0.50700,3.14100,8.48900,0.53400,11.31700,-11.82400,0.63200,-11.19200,0.79600,-11.98800,-11.98800,-11.98800,-11.20200,-11.82400,1.73340,1.73340,-6.92000,-6.92000,2.61630,,,-51.89360,-1210.23500,-1210.23500,-1145.54800,-1227.02100,0.01210,0.09990,1.73530,51.86290,-21.76950,-27.56940,-14.82750,-21.76950,31.64260,-6.60420,-7.69280
2022-12-31,1.95700,2.45500,-0.49800,2.45800,9.25800,1.70300,49.58600,-50.08400,2.15200,-47.93200,-0.30700,-47.62500,-47.62500,-47.62500,-50.08400,-50.08400,1.71760,1.71760,-27.66440,-27.66440,3.62210,,,-25.44710,-2559.22400,-2559.22400,-2449.26000,-2433.57200,0.02180,0.19450,1.99900,45.02300,-74.24240,-90.98470,-53.16000,-74.24240,37.21050,-0.0051,-4.6531
2022-09-30,2.39900,2.33900,0.06000,2.54700,8.20300,0.29400,11.15200,-11.09200,-0.94300,-12.03500,-0.56700,-11.46800,-11.46800,-11.46800,-11.09200,-11.09200,1.72030,1.72030,-6.60660,-6.60660,4.37490,,,2.50100,-462.35930,-462.35930,-501.66740,-478.03250,0.01880,0.21390,1.20730,74.54360,-10.67810,-20.46800,-8.99490,-10.67810,62.36040,-1.5727,-2.0763
2022-06-30,2.22500,2.27000,-0.04500,2.64200,7.95600,0.20900,11.10700,-11.15200,-0.43500,-11.58700,-0.43900,-11.14800,-11.14800,-11.14800,-11.15200,-11.15200,1.71420,1.71420,-6.60660,-6.60660,5.15880,,,-2.02250,-501.21350,-501.21350,-520.76400,-501.03370,0.01620,0.22150,0.87050,103.38880,-9.43270,-16.86200,-8.11610,-9.43270,68.73840,-5.8109,-6.8137
2022-03-31,1.25600,1.51700,-0.26100,2.14900,10.49800,0.50800,12.83800,-13.09900,8.34600,-4.75300,-0.65700,-4.09600,-4.09600,-4.09600,-13.09900,-13.09900,1.70670,1.70670,-2.40240,-2.40240,5.74620,,,-20.78030,-1042.91400,-1042.91400,-378.42360,-326.11470,0.00850,0.16470,0.44760,201.06690,-3.18640,-5.39930,-2.76440,-3.18640,75.31770,-11.31450,-11.87110
2021-12-31,2.90300,2.74400,0.15900,1.98000,14.31800,0.19700,16.81800,-16.65900,6.78100,-9.87800,-0.87200,-9.00600,-9.00600,-9.00600,-16.65900,-16.65900,1.52560,1.52560,-6.90690,-6.60660,5.15880,,,5.47710,-573.85480,-573.85480,-340.26870,-310.23090,0.01780,0.39440,0.92480,97.31660,-6.91700,-11.72240,-5.52410,-6.91700,76.28620,-8.1471,-9.0596
2021-09-30,1.67400,1.64600,0.02800,0.89300,13.04100,0.50800,13.73600,-13.70800,2.37700,-11.33100,-0.05100,-11.28000,-11.28000,-11.28000,-13.70800,-13.70800,1.60920,1.60920,-6.90690,-6.90690,7.03190,,,1.67260,-818.87700,-818.87700,-676.88170,-673.83510,0.00960,0.29400,0.30050,299.45170,-8.28600,-13.78120,-6.48410,-8.28600,79.76090,-4.7758,-5.8109
2021-06-30,1.00300,0.66900,0.33400,0.63900,6.59600,0.08600,7.12000,-6.78600,3.64300,-3.14300,,-3.14300,-3.14300,-3.14300,-6.78600,-6.78600,1.53600,1.53600,-2.10210,-2.10210,33.32910,,,33.30010,-676.57030,-676.57030,-313.35990,-313.35990,0.00770,0.78000,0.89000,101.12460,-2.94690,-3.09820,-2.41100,-2.94690,69.43210,-1.6314,-2.1922
2021-03-31,1.48900,0.34700,1.14200,0.02900,7.92200,0.03800,8.10000,-6.95800,9.86400,2.90600,,2.90600,2.90600,2.90600,-6.95800,-6.95800,1.25770,1.36490,2.40240,2.10210,26.51950,,,76.69580,-467.29350,-467.29350,195.16450,195.16450,0.01080,0.42690,1.30790,68.81190,2.67320,2.80690,2.11670,2.67320,70.80430,-8.93560,-8.99200
2020-12-31,0.35660,0.13940,0.21720,0.01360,1.91340,-0.09280,2.01990,-1.80270,-0.04080,-1.84350,,-1.84970,-1.84970,-1.84350,-1.80270,-1.80270,0.68330,0.68330,-2.70270,-2.70270,0.49440,,,60.91440,-505.48650,-505.48650,-516.93450,-516.93450,0.18830,1.29140,0.72950,123.36830,103.13480,103.13470,-97.65760,103.13480,-2.15140,-0.7319,-0.7958
2020-09-30,0.22540,0.09050,0.13490,0.03760,0.88660,0.01610,0.90820,-0.77330,0.02130,-0.75190,-0.00310,-0.74880,-0.74880,-0.74880,-0.77330,-0.77330,0.77200,0.77200,-0.90090,-0.90090,0.05540,,0.01620,59.86110,-343.04210,-343.04210,-333.57450,-332.19880,0.00150,,,,-0.52090,-0.52090,-0.48650,-0.52090,619.61520,-0.2463,-0.2579
2020-06-30,0.20040,0.21790,-0.01760,0.00000,0.44410,0.05480,0.38930,-0.40690,0.09780,-0.30900,-0.00310,-0.30590,-0.30590,-0.31210,-0.40690,-0.40690,0.62390,0.62390,-0.60060,-0.60060,0.21220,,0.00520,-8.76550,-203.07210,-203.07210,-154.23550,-155.78330,0.00130,,,,-0.21190,-0.21190,-0.20000,-0.21190,636.19320,-0.4225,-0.4567
2020-03-31,0.10030,0.06600,0.03420,0.05130,0.30270,0.22880,0.12520,-0.09090,-0.12570,-0.21660,,-0.21660,-0.21660,-0.21660,-0.09090,-0.09090,0.49880,0.49880,-0.30030,-0.30030,0.35680,,,34.13820,-90.70370,-90.70370,-216.04130,-216.04130,0.00040,,,,-0.09970,-0.09970,-0.09570,-0.09970,970.81170,-0.68490,-0.75450
2019-12-31,,,,,,-0.13760,,-0.13760,19.56730,19.42970,0.36590,19.06380,19.06380,21.76730,-0.13760,-0.13760,0.27180,0.27180,80.48050,80.48050,0.44970,,,,,,,,,,,,9.22020,9.22020,8.43490,9.22020,803.64230,0.1536,0.1536
2019-09-30,,,,,,-0.16420,,-0.16420,1.17930,1.01510,0.19990,0.81520,0.81520,-0.06420,-0.16420,-0.16420,0.22310,0.22310,-0.30030,-0.30030,0.74680,,,,,,,,,,,,0.37640,0.37640,0.36210,0.37640,970.89430,-0.2264,-0.2264
2019-06-30,,,,,,-0.15360,,-0.15360,1.27070,1.11710,0.27410,0.84290,0.84290,-0.10700,-0.15360,-0.15360,0.22310,0.22310,-0.60060,-0.60060,1.20770,,,,,,,,,,,,0.39070,0.39070,0.37620,0.39070,967.07340,-1.5721,-1.5721
2019-03-31,,,,,,-0.24110,,-0.24110,1.26040,1.01930,0.22900,0.79030,0.79030,-0.08390,-0.24110,-0.24110,0.22300,0.22300,-0.30030,-0.30030,1.51760,,,,,,,,,,,,0.36770,0.36770,0.35410,0.36770,963.17630,-0.67590,-0.67590
2018-12-31,,,,,,,,,,,,,,,,,,,,0.00000,,,,,,,,,,,,,,,,,,0,0
2018-09-30,,,,,,-0.00120,,-0.00120,,-0.00120,0.00000,-0.00120,-0.00120,-0.00120,-0.00120,-0.00120,0.16650,0.16650,0.00000,0.00000,,,,,,,,,,,,,,,,,,0,0
