Date,revenue,cost-goods-sold,gross-profit,research-development-expenses,selling-general-administrative-expenses,operating-expenses,operating-income,total-non-operating-income-expense,pre-tax-income,income-after-taxes,income-from-continuous-operations,net-income,ebitda,ebit,basic-shares-outstanding,shares-outstanding,eps-basic-net-earnings-per-share,eps-earnings-per-share-diluted,current-ratio,long-term-debt-capital,debt-equity-ratio,gross-margin,operating-margin,ebit-margin,pre-tax-profit-margin,net-profit-margin,asset-turnover,inventory-turnover,receiveable-turnover,days-sales-in-receivables,roe,return-on-tangible-equity,roa,roi,book-value-per-share,operating-cash-flow-per-share,free-cash-flow-per-share
2024-09-30,0.00690,0.46750,-0.46070,0.49160,3.74880,4.24040,-4.70100,-2.27930,-6.98030,-6.98030,-6.98030,-12.84750,-2.84240,-4.70100,0.11570,0.11570,-111.07000,-111.07000,0.08570,,1.98690,-6721.36000,-68588.24000,-68588.24000,-101842.90000,-187445.60000,0.00020,5.25360,0.00560,16103.51000,-156.89470,-157.13850,-23.39300,-156.89330,8.37320,91.3401,91.3401
2024-06-30,0.04430,0.02310,0.02110,1.55340,4.44380,5.99720,-5.97600,-1.64790,-7.62390,-7.62390,-7.62390,-7.54960,-5.26120,-5.97600,0.04510,0.04510,-167.60000,-167.60000,0.07330,,1.01100,47.75050,-13497.11000,-13497.11000,-17218.99000,-17051.27000,0.00160,0.04090,0.10890,826.48530,-120.18920,-120.33610,-26.86930,-120.18860,127.24700,-35.0918,-35.0918
2024-03-31,0.07970,0.06580,0.01390,8.14530,3.40430,11.54950,-11.53570,-3.33300,-14.86870,-14.86870,-14.86870,-14.72970,-10.75620,-11.53570,0.04030,0.04030,-365.60000,-365.60000,0.09220,,0.62820,17.42090,-14477.47000,-14477.47000,-18660.51000,-18486.10000,0.00280,0.10570,0.18660,482.35390,-152.00470,-152.13820,-53.14890,-152.00430,234.99720,-148.01750,-148.01750
2023-12-31,0.08130,0.28590,-0.20460,4.30320,3.44310,7.74630,-7.95090,-3.02690,-10.97780,-10.97780,-10.97780,-11.12090,-5.91760,-7.95090,0.00760,0.00760,1194.94000,1194.94000,0.26700,,0.99890,-251.63310,-9780.05200,-9780.05200,-13503.36000,-13679.38000,0.00180,0.38350,0.01390,6479.52900,-68.41150,-68.45170,-24.62590,-68.41140,486.32470,547.224,548.154
2023-09-30,0.12450,0.10690,0.01760,0.89870,7.21400,8.11280,-8.09520,-1.65070,-9.74590,-9.74590,-9.74590,-9.91310,-7.21390,-8.09520,0.00510,0.00510,-1950.94000,-1950.94000,0.30490,,-0.95230,14.10920,-6502.90800,-6502.90800,-7828.91400,-7963.20100,0.01510,0.12460,0.34320,262.22800,230.85630,229.40280,-118.48310,230.85640,-458.87280,-1131.396,-1132.922
2023-06-30,0.22100,0.18570,0.03520,0.48480,3.78480,4.26970,-4.23440,-1.44760,-5.68200,-5.68200,-5.68200,-5.68200,-3.92150,-4.23440,0.00390,0.00390,-1471.60000,-1471.60000,0.22040,,-0.75360,15.94730,-1916.22600,-1916.22600,-2571.30500,-2571.30500,0.03030,0.18240,0.58280,154.42690,146.85050,144.84760,-77.90220,146.85040,-915.52910,-487.718,-487.256
2023-03-31,0.21840,0.17830,0.04010,1.38750,4.43450,5.82200,-5.78190,-0.20280,-5.98470,-5.98470,-5.98470,-5.98470,-5.64520,-5.78190,0.00290,0.00290,-2098.40000,-2098.40000,0.32880,,18.30310,18.36230,-2647.20600,-2647.20600,-2740.06200,-2740.06200,0.02860,0.23350,0.66380,135.57630,-8791.83300,49127.55000,-78.39920,-8792.24600,22.53440,-1385.71800,-1387.48900
2022-12-31,0.18560,0.17020,0.01540,3.08120,4.59030,8.21540,-8.20000,0.01690,-8.18320,-8.18320,-8.18320,-8.22080,-8.04100,-8.20000,0.00120,0.00120,5704.39900,5704.39900,1.30180,,,8.31380,-4418.22500,-4418.22400,-4409.12800,-4429.42900,0.01730,0.17910,0.35150,256.02110,-157.17790,-160.47600,-76.22710,-157.17790,1928.26200,-45.5426,-45.6929
2022-09-30,0.32310,0.23370,0.08940,1.57050,3.91110,5.48160,-5.39220,-2.16540,-7.55760,-7.55760,-7.55760,-7.55760,-3.73530,-5.39220,0.00090,0.00090,-8437.19900,-8437.19900,2.88690,,0.00630,27.68000,-1668.75500,-1668.75500,-2338.89700,-2338.89700,0.01680,0.16200,0.48750,184.61250,-59.53430,-60.16820,-39.40350,-59.53430,5443.89100,-429.2223,-436.6952
2022-06-30,0.21470,0.17490,0.03990,1.18790,4.62290,5.81080,-5.77100,-0.07900,-5.85000,-5.85000,-5.85000,-5.85000,-5.64140,-5.77100,0.00060,0.00060,-10272.00000,-10272.00000,0.51670,,0.34230,18.56280,-2687.72900,-2687.72900,-2724.54500,-2724.54500,0.02000,0.13120,0.52290,172.10430,-429.84530,-487.31490,-54.47100,-429.84470,0.02460,-2.7903,-2.9255
2022-03-31,0.21030,0.18810,0.02220,1.42840,4.71080,6.13910,-6.11690,0.05780,-6.05910,-6.05910,-6.05910,-6.05910,-5.99330,-6.11690,0.00060,0.00060,-10880.00000,-10880.00000,0.98370,,,10.56120,-2908.95900,-2908.95900,-2881.47700,-2881.47700,0.01780,0.18050,0.84530,106.47720,-128.29250,-133.58910,-51.38310,-128.29260,0.10570,-5.83720,-6.00310
2021-12-31,,,,1.70240,7.81840,,-24.09880,-0.05880,-24.05250,-24.05250,-24.05250,-23.95030,-23.96900,-23.99380,0.00020,0.00020,-91359.98000,-91359.98000,2.61060,,,,,,,,,,,,-236.25430,-241.32720,-144.33910,-236.25450,11.46340,-19.2813,-19.3507
2021-09-30,,,,1.47150,4.60160,,-6.07310,-3.68760,-9.76070,-9.76070,-9.76070,-9.76070,-4.75510,-6.07310,0.00020,0.00020,-44928.00000,-44928.00000,3.43960,,,,,,,,,,,,-75.24270,-76.66680,-49.83350,-75.24270,0.53900,-38.5029,-41.0473
2021-06-30,,,,0.93280,4.84230,,-5.77500,-0.40340,-6.17840,-6.17840,-6.17840,-6.17840,-5.26400,-5.77500,0.00020,0.00020,-33600.00000,-33600.00000,1.89880,0.18080,0.59920,,,,,,,,,,-103.59860,-108.47200,-38.84630,-84.86430,0.40640,-0.3294,-0.3435
2021-03-31,,,,0.93600,5.15710,,-6.09300,-0.28660,-6.37970,-6.37970,-6.37970,-6.37970,-5.73030,-6.09300,0.00020,0.00020,-24000.00000,-24000.00000,4.34950,0.14190,0.28050,,,,,,,,,,-56.11050,-57.60310,-35.41000,-48.14770,0.78550,-0.29340,-0.32860
2020-12-31,,,,0.42350,4.24890,,-4.67240,-0.00870,-4.68110,-4.68110,-4.68110,-4.68110,-4.65740,-4.67240,0.00010,0.00010,-41600.00000,-41600.00000,8.99230,,,,,,,,,,,,-42.51130,-43.78780,-35.74330,-42.51130,0.84960,-0.4989,-0.502
2020-09-30,,,,0.28580,2.45870,,-2.74450,0.00010,-2.74440,-2.74440,-2.74440,-2.74440,-2.74170,-2.74450,0.00010,0.00010,-29600.00000,-29600.00000,18.89170,,,,,,,,,,,,-19.96390,-19.96390,-17.85830,-19.96390,1.17380,-0.445,-0.4666
2020-06-30,,,,0.02830,0.37020,,-0.39850,-0.13580,-0.53430,-0.53430,-0.53430,-0.53430,-0.26310,-0.39850,0.00000,0.00000,-11200.00000,-11200.00000,,,,,,,,,,,,,,,,,,-0.039,-0.039
2020-03-31,,,,0.20040,0.85640,,-1.05680,-0.13260,-1.18940,-1.18940,-1.18940,-1.18940,-0.89220,-1.05680,0.00000,0.00000,-24000.00000,-24000.00000,,,,,,,,,,,,,,,,,,-0.06430,-0.06430
2019-12-31,,,,,,,,,,,,,,,,,,0.00000,,,,,,,,,,,,,,,,,,0.1075,0.1075
2019-09-30,,,,0.01960,1.06030,,-1.07990,-0.00050,-1.08040,-1.08040,-1.08040,-1.08040,-1.07990,-1.07990,0.00000,0.00000,-22400.00000,-22400.00000,,,,,,,,,,,,,,,,,,-0.1075,-0.1075
