Date,revenue,gross-profit,research-development-expenses,selling-general-administrative-expenses,other-operating-income-expenses,operating-income,total-non-operating-income-expense,pre-tax-income,income-after-taxes,income-from-continuous-operations,income-from-discontinued-operations,net-income,ebitda,ebit,basic-shares-outstanding,shares-outstanding,eps-basic-net-earnings-per-share,eps-earnings-per-share-diluted,current-ratio,gross-margin,operating-margin,ebit-margin,pre-tax-profit-margin,net-profit-margin,asset-turnover,receiveable-turnover,days-sales-in-receivables,roe,return-on-tangible-equity,roa,roi,book-value-per-share,operating-cash-flow-per-share,free-cash-flow-per-share
2024-09-30,0.06220,0.06220,0.23630,0.55010,0.00520,-0.71900,-1.04620,-1.76510,-1.76510,-1.76510,-0.00280,-1.76790,-0.64790,-0.71900,0.81900,0.81900,-2.77320,-2.77320,4.58780,100.00000,-1155.70900,-1155.70900,-2837.40200,-2841.86000,0.00440,0.11220,802.43210,-13.80890,-13.83600,-12.55370,-13.80890,15.60730,-3.6347,-3.6365
2024-06-30,0.12750,0.12750,0.37520,0.74670,,-0.99440,-0.61450,-1.61070,-1.61070,-1.61070,15.85060,14.23990,-0.87270,-0.99440,0.81900,1.39900,17.24890,10.61500,4.97370,100.00000,-780.13480,-780.13480,-1263.70500,11171.90000,0.00840,0.19670,457.43490,-11.51470,-11.58150,-10.63550,-11.51470,9.10710,-0.8273,-0.8273
2024-03-31,0.26690,0.26690,0.28020,0.88920,0.00160,-0.90090,0.06050,-0.84040,-0.84040,-0.84040,-2.68850,-3.52890,-0.82040,-0.90090,0.81280,0.81280,-4.11520,-4.11520,0.70830,100.00000,-337.54150,-337.54150,-314.87840,-1322.22800,0.07000,2.00850,44.80960,53.54520,53.54590,-22.03710,53.54590,-1.91580,-3.08610,-3.08610
2023-12-31,0.18260,0.18260,1.77950,1.46090,0.03380,-3.02390,-0.19540,-3.21930,-3.21930,-3.21930,,-3.21930,-2.93960,-3.02390,0.61920,0.61920,-7.98580,-7.98580,1.46360,100.00000,-1655.69600,-1655.69600,-1762.67000,-1762.67000,0.03530,1.48570,60.57760,-252.31230,-252.31050,-62.26200,-252.31050,1.60780,-13.7302,-13.742
2023-09-30,0.37090,0.37090,2.04860,1.32620,0.00170,-3.00220,0.04020,-2.96200,-2.96200,-2.96200,,-2.96200,-2.91400,-3.00220,12.88000,12.88000,-0.20370,-0.20370,2.97400,100.00000,-809.38060,-809.38060,-798.53720,-798.53720,0.05340,1.77860,50.60200,-66.34870,-66.34840,-42.63650,-66.34840,0.33090,8.8154,8.824
2023-06-30,0.70180,0.70180,2.08580,1.45020,0.00120,-2.83300,-0.14280,-2.97580,-2.97580,-2.97580,,-2.97580,-2.74670,-2.83300,0.60160,0.60160,-5.34000,-5.34000,3.20270,100.00000,-403.68820,-403.68820,-424.03700,-424.03700,0.07010,2.46770,36.47150,-43.66810,-43.66810,-29.72910,-43.66810,10.91570,-4.4672,-4.4711
2023-03-31,0.54130,0.54130,1.84150,1.29420,0.00120,-2.59310,-0.00830,-2.60140,-2.60140,-2.60140,,-2.60140,-2.51130,-2.59310,0.51040,0.51040,-5.18400,-5.18400,2.16970,100.00000,-479.04640,-479.04640,-480.57640,-480.57640,0.06870,2.17390,41.40050,-59.12630,-59.12640,-32.99970,-59.12640,8.32350,-4.99580,-5.00100
2022-12-31,0.62000,0.62000,2.47700,1.75450,0.00660,-3.60490,-0.15920,-3.76410,-3.76410,-3.76410,,-3.76410,-3.52250,-3.60490,0.37650,0.37650,-3.56120,-3.56120,2.38530,100.00000,-581.43500,-581.43520,-607.10890,-607.10890,0.07140,1.41930,63.41270,-73.11370,-73.11380,-43.37110,-73.11380,10.34930,-11.0019,-11.002
2022-09-30,0.42380,0.42380,2.86170,1.88180,0.00650,-4.31320,0.06140,-4.25180,-4.25180,-4.25180,,-4.25180,-5.81940,-4.31320,0.39820,0.39820,-11.17920,-11.17920,2.83400,100.00000,-1017.78100,-1017.78100,-1003.28800,-1003.28800,0.03340,1.37540,65.43550,-51.65710,-51.65710,-33.55480,-51.65710,18.57980,319.3268,319.3253
2022-06-30,0.18990,0.18990,5.95160,1.58620,0.00320,-7.34470,-0.13360,-7.47830,-7.47830,-7.47830,,-7.47830,-5.67640,-7.34470,0.31220,0.31220,-23.61170,-23.61170,2.54790,100.00000,-3868.04500,-3868.04500,-3938.42100,-3938.42100,0.01610,0.55270,162.85060,-105.22820,-105.22850,-63.44420,-105.22850,22.51570,-337.4568,-337.4568
2022-03-31,0.25690,0.25690,4.07760,2.42690,0.00730,-6.24030,-0.06620,-6.30650,-6.30650,-6.30650,,-6.30650,-6.14630,-6.24030,0.31580,0.31580,-19.49200,-19.49200,4.32030,100.00000,-2429.04100,-2429.04100,-2454.81700,-2454.81700,0.01340,0.64670,139.16150,-44.95250,-44.95250,-32.93730,-44.95250,44.43170,-16.61260,-16.61260
2021-12-31,0.42490,0.42490,3.79630,1.27430,0.00330,-4.64240,-0.16770,-4.81010,-4.81010,-4.81010,,-4.81010,-4.55040,-4.64240,0.28440,0.28440,-15.64680,-15.64680,5.30660,100.00000,-1092.54300,-1092.54300,-1132.01100,-1132.01100,0.01720,2.35680,38.18690,-25.96640,-25.96640,-19.50330,-25.96640,58.65840,-11.5214,-11.6157
2021-09-30,0.74300,0.74300,3.11850,1.60300,0.08260,-3.89590,-0.02440,-3.92020,-3.92020,-3.92020,,-3.92020,-3.80190,-3.89590,0.28440,0.28440,-14.38140,-14.38140,5.33010,100.00000,-524.31390,-524.31390,-527.59280,-527.59280,0.03780,3.42650,26.26550,-26.97100,-26.97100,-19.92350,-26.97100,51.07340,-9.3996,-9.4059
2021-06-30,1.08960,1.08960,4.09640,2.02710,0.08700,-4.94690,-0.20140,-5.14840,-5.14840,-5.14840,,-5.14840,-4.85070,-4.94690,0.28390,0.28390,-18.44140,-18.44140,5.70000,100.00000,-454.02580,-454.02580,-472.51390,-472.51390,0.04610,7.85000,11.46500,-28.55890,-28.55890,-21.78260,-28.55890,63.39800,-24.7031,-24.7114
2021-03-31,0.93320,0.93320,3.03770,1.46180,0.08640,-3.47980,0.56200,-2.91780,-2.91780,-2.91780,,-2.91780,-3.38180,-3.47980,0.27930,0.27930,-10.61180,-10.61180,5.69610,100.00000,-372.89060,-372.89060,-312.66780,-312.66780,0.03140,11.53930,7.79950,-12.75230,-12.75230,-9.82190,-12.75230,80.61290,-10.95740,-10.96990
2020-12-31,1.99570,1.99570,2.83250,1.41090,0.07780,-2.16990,-0.25830,-2.42820,-2.42820,-2.42820,,-2.42820,-2.08840,-2.16990,0.22240,0.22240,-10.98030,-10.98030,5.38280,100.00000,-108.72660,-108.72660,-121.67060,-121.67060,0.09270,27.36650,3.28870,-15.58280,-15.58280,-11.28050,-15.58280,68.95050,4.5693,4.3397
2020-09-30,0.02960,0.02960,2.15170,1.34470,0.08200,-3.38480,-0.21750,-3.60230,-3.60230,-3.60230,,-3.60230,-3.26760,-3.38480,0.22240,0.22240,-15.66000,-15.66000,8.68290,100.00000,-11418.10000,-11418.10000,-12151.68000,-12151.68000,0.00140,0.35950,250.33890,-21.04320,-21.04320,-16.86330,-21.04320,76.77970,-14.7788,-14.7846
2020-06-30,0.89320,0.89320,2.40640,1.64710,0.07430,-3.08600,-0.14610,-3.23220,-3.23220,-3.23220,,-3.23220,-2.98220,-3.08600,0.22230,0.22230,-14.94290,-14.94290,8.07840,100.00000,-345.48440,-345.48440,-361.84520,-361.84520,0.03720,8.27720,10.87330,-16.56680,-16.56680,-13.45640,-16.56680,87.72640,-29.4529,-29.4628
2020-03-31,0.93480,0.93480,3.67340,1.72940,0.05000,-4.41790,-0.03440,-4.45230,-4.45230,-4.45230,,-4.45230,-4.32180,-4.41790,0.22170,0.22170,-19.85280,-19.85280,4.99910,100.00000,-472.61000,-472.61000,-476.28710,-476.28710,0.03130,13.40340,6.71470,-19.76930,-19.76930,-14.91220,-19.76930,101.33830,-18.76470,-18.80440
