Date,revenue,cost-goods-sold,gross-profit,selling-general-administrative-expenses,other-operating-income-expenses,operating-expenses,operating-income,total-non-operating-income-expense,pre-tax-income,total-provision-income-taxes,income-after-taxes,income-from-continuous-operations,income-from-discontinued-operations,net-income,ebitda,ebit,basic-shares-outstanding,shares-outstanding,eps-basic-net-earnings-per-share,eps-earnings-per-share-diluted,long-term-debt-capital,debt-equity-ratio,operating-margin,ebit-margin,pre-tax-profit-margin,net-profit-margin,asset-turnover,roe,return-on-tangible-equity,roa,roi,book-value-per-share,operating-cash-flow-per-share,free-cash-flow-per-share
2024-09-30,4.96070,2.94980,2.01090,2.21510,-0.75960,2.97470,-0.96380,2.43300,1.46920,0.00000,1.46920,1.46920,,1.71640,-0.67960,-0.96380,9.23510,9.23510,0.19000,0.19000,,0.01540,-19.42830,-19.42830,29.61750,34.59910,0.05020,1.57310,1.57310,1.48730,1.57310,10.11360,-0.309,-0.3125
2024-06-30,1.12700,0.83000,0.29710,2.79810,0.00000,3.10650,-2.80950,1.65950,-1.15000,,-1.15000,-1.15000,,-1.23910,-2.50150,-2.80950,9.23510,9.23510,-0.13000,-0.13000,,0.01630,-249.27750,-249.27750,-102.03360,-109.94350,0.01210,-1.31130,-1.31220,-1.23040,-1.31130,9.49610,-0.4752,-0.4788
2024-03-31,6.08620,4.65840,1.42780,3.25090,,3.69430,-2.26650,-5.04570,-7.31380,0.00000,-7.31380,-7.31380,,-6.76970,-1.95780,-2.26650,9.23510,9.23510,-0.73000,-0.73000,,0.01600,-37.24020,-37.24020,-120.17000,-111.22950,0.06290,-8.12280,-8.12820,-7.56260,-8.12280,9.74990,-0.16340,-0.16360
2023-12-31,1.01750,1.56740,-0.54990,2.40980,,3.26560,-3.81550,-30.25340,-34.06890,0.04720,-34.11610,-34.11610,,-33.26910,-3.47770,-3.81550,9.04180,9.04180,-3.70000,-3.70000,,0.00180,-374.98050,-374.98060,-3348.21700,-3269.60900,0.00810,-35.24750,-35.26950,-27.00900,-35.24750,10.48080,-0.0668,0.0122
2023-09-30,0.99020,0.58110,0.40910,2.48600,0.00000,2.48600,-2.07690,-14.90400,-16.98090,0.04510,-17.02600,-17.02600,,-16.01160,-1.80420,-2.07690,9.23510,9.23510,-1.73000,-1.73000,,0.00140,-209.74610,-209.74610,-1714.89600,-1617.00700,0.00630,-13.25160,-13.28000,-10.84360,-13.25160,13.91250,0.0916,0.0106
2023-06-30,19.15390,11.73850,7.41540,2.30590,0.00000,2.30590,5.10950,-10.92290,-5.81340,,-5.81340,-5.81340,,-5.80790,5.42780,5.10950,9.23510,9.23510,-0.63000,-0.63000,,0.00130,26.67610,26.67610,-30.35110,-30.32210,0.11370,-4.12670,-4.13480,-3.45130,-4.12670,15.25420,1.1915,1.1913
2023-03-31,0.92690,0.68930,0.23770,2.32740,,2.32740,-2.08970,-2.23350,-4.32320,0.00000,-4.32320,-4.32320,,-3.85790,-1.80160,-2.08970,8.45100,8.45100,-0.46000,-0.46000,,0.00130,-225.44490,-225.44490,-466.39490,-416.19770,0.00600,-2.90400,-2.90400,-2.77680,-2.90400,16.12020,-0.38920,-0.39020
2022-12-31,0.88000,1.25340,-0.37340,1.33710,,1.33710,-1.71060,-13.57620,-15.28680,,-15.21780,-15.21780,,-13.32420,-1.81070,-1.71060,6.51350,6.51350,-1.88000,-1.88000,,0.00130,-194.39040,-194.39040,-1737.21000,-1514.17800,0.00570,-10.23640,-10.23640,-9.91450,-10.23640,20.02740,-1.0751,-1.2531
2022-09-30,0.72190,0.81340,-0.09150,1.97950,,1.97950,-2.07100,-11.16350,-13.23460,-0.15320,-13.08140,-13.08140,,-11.71210,-1.53730,-2.07100,7.42540,7.42540,-1.58000,-1.58000,,0.00130,-286.88150,-286.88150,-1833.28100,-1622.39100,0.00440,-8.19840,-8.19840,-7.94430,-8.19840,21.48850,-1.1912,-1.8834
2022-06-30,0.92630,0.55070,0.37570,2.02990,,2.02990,-1.65430,-8.32860,-9.98290,,-9.98290,-9.98290,,-8.98740,-1.29540,-1.65430,6.14460,6.14460,-1.46000,-1.46000,,0.00280,-178.58050,-178.58050,-1077.66700,-970.20090,0.00530,-5.79840,-5.79840,-5.66980,-5.79840,23.18610,-1.5575,-1.5629
2022-03-31,1.95220,1.11460,0.83770,2.49120,,2.49120,-1.65350,-6.05480,-7.70830,0.22210,-7.93050,-7.93050,,-6.46730,-1.03290,-1.65350,4.95920,4.95920,-1.30000,-1.30000,,0.00580,-84.69980,-84.69980,-394.84650,-331.27570,0.01010,-4.20730,-4.20730,-4.11270,-4.20730,33.30640,-1.06690,-1.21340
2021-12-31,2.85290,2.79160,0.06130,10.02750,,10.02750,-9.96620,-16.20140,-26.16760,0.08390,-26.25160,-26.25160,,-23.32650,-9.55860,-9.96620,1.39910,1.39910,65.15000,65.15000,,0.00680,-349.33560,-349.33560,-917.22550,-817.64020,0.01550,-15.41580,-15.41580,-14.25090,-15.41580,38.98580,-8.5137,-20.8596
2021-09-30,4.79560,2.20440,2.59120,2.53960,,2.53960,0.05160,-8.12610,-8.07450,,-8.07450,-8.07450,,-7.11010,0.18660,0.05160,1.90150,1.90150,-3.80000,-3.80000,,0.03370,1.07560,1.07560,-168.37390,-148.26480,0.02740,-4.86690,-4.86690,-4.61040,-4.86690,72.57220,15.8534,10.067
2021-06-30,6.54340,2.60800,3.93550,8.61150,,8.61150,-4.67600,-70.21200,-74.88810,-0.00130,-74.88680,-74.88680,,-66.65090,45.78810,-4.67600,0.55280,0.55280,-120.60000,-120.60000,,0.05410,-71.46140,-71.46140,-1144.47700,-1018.59200,0.05140,-65.08230,-65.08230,-58.80920,-65.08230,81.41860,-11.5538,-11.7024
2021-03-31,5.60690,3.69790,1.90910,2.31250,,2.31250,-0.40340,-8.95000,-9.35340,0.45130,-9.80470,-9.80470,,-6.23560,0.23940,-0.40340,0.42860,0.42860,-14.60000,-14.60000,0.00760,0.18380,-7.19550,-7.19550,-166.81920,-111.21330,0.05150,-11.46150,-11.46150,-9.01190,-11.37490,199.40570,-7.71060,-7.71940
2020-12-31,9.05830,6.47630,2.58200,1.80600,,1.80190,0.78000,7.29070,8.06670,-0.18020,8.24690,8.24690,,6.01880,0.95010,0.78000,0.41760,0.41760,11.80000,11.80000,,0.03410,8.61140,8.61140,89.05340,66.44510,0.08410,8.41570,8.41570,7.65630,8.41570,228.69270,3.0464,3.0152
2020-09-30,2.14890,1.61640,0.53250,0.94670,,0.94660,-0.41410,-12.62400,-13.03810,0.07410,-13.11220,-13.11220,-0.05610,-9.62430,-0.36550,-0.41410,0.48790,0.48790,-20.20000,-20.20000,,0.03520,-19.27050,-19.27050,-606.72860,-447.86400,0.02120,-15.07600,-15.07600,-12.92180,-15.07600,271.79490,-2.7044,-2.7166
2020-06-30,2.06580,1.60920,0.45660,2.58290,-0.00200,2.58490,-2.12830,0.16580,-1.95850,0.11470,-2.07310,-2.07310,-0.36140,-1.16510,-2.04700,-2.12830,0.48790,0.48790,-2.40000,-2.40000,,,-103.02360,-103.02360,-94.80360,-56.39660,,,,,,,0.7837,0.7779
2020-03-31,2.96520,2.38370,0.58150,1.00190,-0.00200,1.00390,-0.42240,2.67800,2.25560,0.00000,2.25560,2.25560,,1.61890,-0.34580,-0.42240,0.50010,0.50010,3.20000,3.20000,,,-14.24510,-14.24510,76.06860,54.59590,,,,,,,-0.36520,-0.36790
2019-12-31,,,,,,,,,,,,,,,,,,,,0.00000,,,,,,,,,,,,,-17.928,-17.928
2019-09-30,5.30690,4.13050,1.17640,1.44570,,1.44570,-0.26930,1.19780,0.92850,,0.92850,0.92850,-0.12860,0.76370,-0.26930,-0.26930,0.50010,0.50010,1.60000,1.60000,,,-5.07460,-5.07460,17.49580,14.39160,,,,,,,17.928,17.928
