Date,revenue,cost-goods-sold,gross-profit,research-development-expenses,selling-general-administrative-expenses,other-operating-income-expenses,operating-expenses,operating-income,total-non-operating-income-expense,pre-tax-income,total-provision-income-taxes,income-after-taxes,income-from-continuous-operations,net-income,ebitda,ebit,basic-shares-outstanding,shares-outstanding,eps-basic-net-earnings-per-share,eps-earnings-per-share-diluted,current-ratio,debt-equity-ratio,gross-margin,operating-margin,ebit-margin,pre-tax-profit-margin,net-profit-margin,asset-turnover,inventory-turnover,receiveable-turnover,days-sales-in-receivables,roe,return-on-tangible-equity,roa,roi,book-value-per-share,operating-cash-flow-per-share,free-cash-flow-per-share
2024-09-30,2.25000,2.97100,-0.72100,27.11600,10.03900,,37.15500,-37.87600,0.50200,-37.37400,0.02200,-37.39600,-37.39600,-37.39600,-36.53800,-37.87600,53.70400,53.70400,-0.70000,-0.70000,4.32160,,-32.04450,-1683.37800,-1683.37800,-1661.06700,-1662.04500,0.01330,1.39810,3.91300,23.00000,-28.93080,-29.37400,-22.11000,-28.93080,2.40120,-0.4671,-0.4765
2024-06-30,2.01200,2.86000,-0.84800,26.19600,10.36900,-11.50000,48.06500,-48.91300,5.64300,-43.27000,0.12300,-43.39300,-43.39300,-43.39300,-47.66800,-48.91300,52.99500,52.99500,-0.82000,-0.82000,5.28230,,-42.14710,-2431.06300,-2431.06300,-2150.59600,-2156.71000,0.01020,0.95370,2.38390,37.75350,-27.12740,-27.50140,-21.90380,-27.12740,3.00810,-0.5476,-0.5621
2024-03-31,2.10700,3.49900,-1.39200,25.01200,10.94000,,35.95200,-37.34400,2.01900,-35.32600,,-35.32600,-35.32600,-35.32600,-36.24100,-37.34400,52.74300,52.74300,-0.67000,-0.67000,11.89360,,-66.06550,-1772.37800,-1772.37800,-1676.60200,-1676.60200,0.00940,1.61770,2.15440,41.77500,-17.82340,-18.04190,-15.71380,-17.82340,3.75270,-0.58700,-0.61830
2023-12-31,1.61100,2.48300,-0.87200,26.19700,9.77600,,35.97300,-36.84500,-8.12100,-44.96600,,-44.96600,-44.96600,-44.96600,-35.40900,-36.84500,45.41220,45.41220,-0.93000,-0.93000,12.45520,,-54.12790,-2287.08900,-2287.08800,-2791.18500,-2791.18500,0.00630,1.04590,2.56530,35.08380,-19.68380,-19.91260,-17.47030,-19.68380,4.36050,-0.5636,-0.6212
2023-09-30,0.81000,2.52500,-1.71500,23.78700,9.99400,,33.78100,-35.49600,2.25800,-33.23800,,-33.23800,-33.23800,-33.23800,-34.35600,-35.49600,44.56500,44.56500,-0.75000,-0.75000,16.48260,,-211.72840,-4382.22200,-4382.22200,-4103.45700,-4103.45700,0.00300,0.93800,1.05330,85.44440,-13.48910,-13.64700,-12.51160,-13.48910,5.52070,-0.6151,-0.6377
2023-06-30,0.74300,2.66100,-1.91800,27.06500,9.19800,,36.26300,-38.18100,2.22600,-35.95500,,-35.95500,-35.95500,-35.95500,-37.06700,-38.18100,44.10400,44.10400,-0.82000,-0.82000,18.61190,,-258.14270,-5138.76200,-5138.76200,-4839.16600,-4839.16600,0.00250,0.95480,0.85600,105.14130,-13.14210,-13.29150,-12.32490,-13.14210,6.19280,-0.6181,-0.6432
2023-03-31,1.14800,2.52900,-1.38100,25.45400,10.43100,,35.88500,-37.26600,2.09200,-35.17400,,-35.17400,-35.17400,-35.17400,-36.19900,-37.26600,43.92600,43.92600,-0.80000,-0.80000,21.54590,,-120.29620,-3246.16700,-3246.16700,-3063.93700,-3063.93700,0.00360,0.84130,0.46950,191.68120,-11.64840,-11.77710,-10.99020,-11.64840,6.86130,-0.81980,-0.84890
2022-12-31,0.18800,3.31600,-3.12800,32.21100,9.05600,,41.26700,-44.39500,1.72100,-42.67400,,-42.67400,-42.67400,-42.67400,-42.95200,-44.39500,43.46160,43.46160,-1.00000,-1.00000,15.35360,,-1663.83100,-23614.39000,-23614.38000,-22698.95000,-22698.95000,0.00050,1.12370,0.06510,1382.07600,-12.93440,-13.07410,-11.96580,-12.93440,7.54120,-0.6221,-0.6564
2022-09-30,1.37400,2.76500,-1.39100,26.12300,10.28800,,36.41100,-37.80200,1.29900,-36.50300,,-36.50300,-36.50300,-36.50300,-36.19600,-37.80200,43.57760,43.57760,-0.85000,-0.85000,22.19910,,-101.23730,-2751.23700,-2751.23700,-2656.69600,-2656.69600,0.00350,1.82750,0.40570,221.85590,-9.98640,-10.08990,-9.41960,-9.98640,8.37780,-0.5704,-0.618
2022-06-30,1.49300,0.99100,0.50200,25.93800,10.24900,,36.18700,-35.68500,0.71400,-34.97100,,-34.97100,-34.97100,-34.97100,-33.97000,-35.68500,43.37720,43.37720,-0.80000,-0.80000,31.50220,,33.62360,-2390.15400,-2390.15400,-2342.33100,-2342.33100,0.00360,0.53450,4.22950,21.27930,-8.81130,-8.90040,-8.41360,-8.81130,9.13600,-0.7221,-0.7817
2022-03-31,1.13700,1.37500,-0.23800,25.31500,8.52000,,33.83500,-34.07300,0.91600,-33.15700,,-33.15700,-33.15700,-33.15700,-32.30100,-34.07300,43.20340,43.20340,-0.75000,-0.75000,31.29900,,-20.93230,-2996.74600,-2996.74600,-2916.18300,-2916.18300,0.00250,0.71390,5.38860,16.70190,-7.77440,-7.85170,-7.41420,-7.77440,9.84310,-0.61430,-0.64400
2021-12-31,2.87300,1.93000,0.94300,23.74900,9.13000,,32.87900,-31.93600,0.19400,-31.74200,,-31.74200,-31.74200,-31.74200,-30.29500,-31.93600,40.17000,40.17000,-0.75000,-0.75000,32.06860,,32.82280,-1111.59000,-1111.59000,-1104.83800,-1104.83800,0.00600,0.93550,1.22730,73.33450,-6.95520,-7.02330,-6.62410,-6.95520,10.61350,-0.6996,-0.7428
2021-09-30,3.48300,2.30100,1.18200,20.90800,7.66100,,28.56900,-27.38700,0.78200,-26.60500,,-26.60500,-26.60500,-26.60500,-25.94900,-27.38700,42.51760,42.51760,-0.65000,-0.65000,33.11810,,33.93630,-786.30490,-786.30490,-763.85300,-763.85300,0.00690,0.68950,2.87140,31.34370,-5.51800,-5.51800,-5.25510,-5.51800,11.29000,-0.5409,-0.5652
2021-06-30,2.60100,1.42200,1.17900,18.73200,7.18300,,25.91500,-24.73600,0.66300,-24.07300,,-24.07300,-24.07300,-24.07300,-23.70700,-24.73600,42.31040,42.31040,-0.55000,-0.55000,40.08620,,45.32870,-951.01890,-951.01890,-925.52860,-925.52860,0.00500,0.81400,1.69120,53.21800,-4.79370,-4.79370,-4.61820,-4.79370,11.84600,-0.3522,-0.3601
2021-03-31,0.30800,0.18000,0.12800,11.37900,8.87600,,20.25500,-20.12700,0.66900,-19.45800,,-19.45800,-19.45800,-19.45800,-19.68900,-20.12700,32.79120,32.79120,-0.60000,-0.60000,82.85260,,41.55840,-6534.74000,-6534.74000,-6317.53300,-6317.53300,0.00060,0.11770,1.25710,71.59090,-3.72820,-3.72820,-3.63380,-3.72820,12.34130,-0.45120,-0.47170
2020-12-31,0.73200,0.55000,0.18200,6.21400,2.98000,,9.19400,-9.01200,-0.00100,-9.01300,,-9.01300,-9.01300,-9.01300,-8.81700,-9.01200,28.34840,28.34840,-0.30000,-0.30000,5.45540,,24.86340,-1231.14800,-1231.14800,-1231.28500,-1231.28500,0.02240,0.45120,5.19150,17.33610,-33.48940,-33.48940,-27.62010,-33.48940,0.88900,-0.2426,-0.2476
2020-09-30,1.94500,0.98600,0.95900,4.30300,1.41100,,5.71400,-4.75500,0.00100,-4.75400,,-4.75400,-4.75400,-4.75400,-4.54600,-4.75500,28.78840,28.78840,-0.15000,-0.15000,1.90820,,49.30590,-244.47300,-244.47300,-244.42160,-244.42160,0.00800,,,,-95.07980,-95.07970,-1.95230,-95.07980,3.39490,-0.1453,-0.1584
2020-06-30,1.63900,0.92800,0.71100,4.67100,1.01700,,5.68800,-4.97700,0.02600,-4.95100,,-4.95100,-4.95100,-4.95100,-4.77000,-4.97700,27.90660,27.90660,-0.20000,-0.20000,1.59000,,43.38010,-303.66080,-303.66080,-302.07440,-302.07440,0.00670,,,,-99.01990,-99.02000,-2.03000,-99.01990,3.39810,-0.1495,-0.1526
2020-03-31,0.52700,0.27700,0.25000,5.30900,1.93800,,7.24700,-6.99700,0.14500,-6.85200,,-6.85200,-6.85200,-6.85200,-6.81000,-6.99700,27.00800,27.00800,-0.25000,-0.25000,5.66720,,47.43830,-1327.70400,-1327.70400,-1300.19000,-1300.19000,0.00220,,,,-137.03990,-137.04000,-2.80810,-137.03990,3.40230,-0.21150,-0.22050
2019-09-30,,,,,,-0.00100,,-0.00100,,-0.00100,,-0.00100,-0.00100,-0.00100,-0.00100,-0.00100,1.21500,1.21500,0.00000,0.00000,0.00290,0.29900,,,,,,,,,,-3.98610,-3.98610,-2.97730,-3.98610,0.01740,0,0
