Date,revenue,cost-goods-sold,gross-profit,research-development-expenses,selling-general-administrative-expenses,other-operating-income-expenses,operating-expenses,operating-income,total-non-operating-income-expense,pre-tax-income,total-provision-income-taxes,income-after-taxes,income-from-continuous-operations,income-from-discontinued-operations,net-income,ebitda,ebit,basic-shares-outstanding,shares-outstanding,eps-basic-net-earnings-per-share,eps-earnings-per-share-diluted,current-ratio,long-term-debt-capital,debt-equity-ratio,gross-margin,operating-margin,ebit-margin,pre-tax-profit-margin,net-profit-margin,asset-turnover,receiveable-turnover,days-sales-in-receivables,roe,return-on-tangible-equity,roa,roi,book-value-per-share,operating-cash-flow-per-share,free-cash-flow-per-share
2024-09-30,2.16350,1.38360,0.78000,0.15820,1.39890,,1.96050,-1.18060,-3.18090,-4.36150,-0.33290,-4.02860,-4.02860,,-4.02790,-0.77700,-1.18060,37.22000,37.22000,-0.11000,-0.11000,2.56760,,0.44050,36.05070,-54.56670,-54.56670,-201.59010,-186.17360,0.01670,0.10370,867.69070,-4.76370,-6.11960,-3.10310,-4.76370,2.21930,-0.251,-0.2519
2024-06-30,2.63990,2.06340,0.57650,0.17350,5.29050,,5.86670,-5.29030,1.40730,-3.88300,,-3.88300,-3.88300,,-3.80330,-4.88380,-5.29030,43.21210,43.21210,-0.09000,-0.09000,2.87350,,0.33100,21.83820,-200.39830,-200.39830,-147.08880,-144.07000,0.02080,1.06750,84.31080,-4.42030,-5.57660,-3.06470,-4.42030,2.30050,-0.0498,-0.0499
2024-03-31,2.37910,1.57290,0.80620,0.19520,2.91150,,3.48170,-2.67550,0.84600,-1.82950,,-1.82950,-1.82950,,-1.69910,-2.30180,-2.67550,38.85800,38.85800,-0.04000,-0.04000,4.92680,,0.15870,33.88700,-112.46020,-112.46020,-76.89800,-71.41940,0.02030,0.75830,118.69240,-1.95390,-2.43500,-1.56340,-1.95390,2.05720,-0.05520,-0.05550
2023-12-31,2.07360,1.38700,0.68660,,1.96240,,2.59500,-1.90840,0.82280,-1.08560,,-1.08560,-1.08560,,-1.08560,-1.43860,-1.90840,37.21900,37.21900,-0.03000,-0.03000,6.55450,,0.09880,33.11230,-92.03690,-92.03690,-52.35470,-52.35470,0.01850,1.56900,57.36200,-1.16220,-1.45870,-0.96910,-1.16220,2.53780,-0.0949,-0.1018
2023-09-30,1.12000,0.57520,0.54480,0.00000,0.94560,,1.18500,-0.64030,0.71550,0.07520,0.00000,0.07520,0.07520,,0.07520,-0.40080,-0.64030,36.94200,37.13400,0.00000,0.00000,30.27070,,,48.64310,-57.16810,-57.16810,6.71860,6.71860,0.01220,0.54120,166.28500,0.09010,0.09090,0.08200,0.09010,2.26590,-0.0429,-0.0439
2023-06-30,3.26810,2.16110,1.10700,,2.29000,,2.50220,-1.39520,0.70400,-0.69120,,-0.69120,-0.69120,,-0.69120,-1.18300,-1.39520,37.19910,37.19910,-0.02000,-0.02000,20.92470,,,33.87150,-42.69250,-42.69250,-21.15050,-21.15050,0.03510,1.30310,69.06370,-0.82760,-0.83450,-0.74230,-0.82760,2.23320,-0.0537,-0.0521
2023-03-31,1.19340,0.67260,0.52080,0.00000,2.59790,,3.17650,-2.65570,0.76190,-1.89380,,-1.89380,-1.89380,,-1.89380,-2.07710,-2.65570,37.92500,37.92500,-0.05000,-0.05000,16.54590,,,43.64010,-222.52570,-222.52570,-158.68420,-158.68420,0.01250,0.74190,121.31170,-2.23960,-2.25530,-1.98070,-2.23960,2.26100,-0.02720,-0.02820
2022-12-31,1.21690,0.86040,0.35660,,2.20740,-0.06750,3.05210,-2.69560,0.95410,-1.74150,,-1.74150,-1.74150,,-1.74150,-1.91830,-2.69560,39.07200,39.07200,-0.05000,-0.05000,24.97380,,,29.30190,-221.50480,-221.50480,-143.10530,-143.10530,0.01250,1.62230,55.47710,-1.98110,-1.98170,-1.78200,-1.98110,2.28300,-0.0612,-0.0621
2022-09-30,1.56560,1.14370,0.42200,,2.45230,0.00000,2.12360,-1.70160,0.05940,-1.64220,,-1.64220,-1.64220,,-1.64220,-2.03040,-1.70160,39.09500,39.09500,-0.04000,-0.04000,21.79340,,,26.95300,-108.68510,-108.68510,-104.89190,-104.89190,0.01630,12.89720,6.97830,-1.82030,-1.82080,-1.71330,-1.82030,2.30820,-0.0564,-0.0565
2022-06-30,1.15780,0.97670,0.18120,,2.82860,-0.16440,3.80120,-3.62000,-0.06890,-3.68900,,-3.68900,-3.68900,,-3.68900,-2.81180,-3.62000,39.11700,39.11700,-0.09000,-0.09000,24.37700,,,15.64610,-312.65630,-312.65630,-318.60790,-318.60790,0.01190,6.58360,13.67040,-4.02270,-4.02380,-3.79670,-4.02270,2.34430,-0.1079,-0.1078
2022-03-31,2.41210,1.83150,0.58060,,3.52090,,4.32950,-3.74900,-0.00220,-3.75120,,-3.75120,-3.75120,,-3.75120,-2.94030,-3.74900,39.06400,39.06400,-0.10000,-0.10000,15.48150,,,24.06950,-155.42570,-155.42570,-155.51880,-155.51880,0.02330,2.71040,33.20560,-3.93580,-3.93690,-3.62860,-3.93580,2.43650,-0.05440,-0.05460
2021-12-31,1.94460,1.41820,0.52630,,2.49380,,3.30380,-2.77740,0.00020,-2.77720,,-2.77720,-2.77720,-2.38290,-5.16010,-1.96740,-2.77740,39.00400,39.00400,-0.13000,-0.13000,17.95710,,,27.06670,-142.82840,-142.82840,-142.82010,-265.35930,0.01840,4.99840,18.00580,-2.81530,-2.81610,-2.62490,-2.81530,2.52180,-0.0575,-0.0588
2021-09-30,1.68580,1.33700,0.34880,,3.47320,0.00000,4.27930,-3.93050,0.95510,-2.97540,,-2.97540,-2.97540,77.27800,74.30260,-3.12440,-3.93050,39.05600,39.05600,1.90000,1.90000,28.88510,,,20.69100,-233.14920,-233.14920,-176.49460,4407.48400,0.01550,4.98590,18.05080,-2.87140,-2.87220,-2.72720,-2.87140,2.64730,-0.1318,-0.1324
2021-06-30,0.82460,0.78210,0.04250,,3.42350,,4.23130,-4.18880,-0.14470,-4.33350,,-4.33350,-4.33350,1.39340,-2.94010,-3.38100,-4.18880,38.96400,38.96400,-0.07000,-0.07000,1.55920,,0.14990,5.15170,-507.97800,-507.97800,-525.52070,-356.54230,0.01160,2.31160,38.93360,-15.00560,-15.02110,-6.08370,-15.00560,0.73740,-0.0713,-0.0741
2021-03-31,0.50100,0.53790,-0.03680,,3.95700,,4.83890,-4.87580,-0.09800,-4.97370,,-4.97370,-4.97370,1.63700,-3.33670,-3.99010,-4.87580,38.96400,38.96400,-0.09000,-0.09000,1.62210,0.00290,0.13750,-7.35270,-973.15010,-973.15010,-992.70270,-665.96590,0.00690,8.04260,11.19050,-15.80010,-15.81500,-6.85540,-15.75390,0.80380,0.00220,0.00200
2020-12-31,0.93570,0.72790,0.20780,,3.58950,-5.03770,15.11730,-14.90950,-4.03810,-18.94760,,-18.94760,-18.94760,0.09480,-18.85280,-12.63310,-14.90950,28.68740,28.68740,-0.56000,-0.56000,1.83030,0.02750,0.14690,22.20530,-1593.37200,-1593.37200,-2024.92300,-2014.78800,0.01510,3.45100,26.07920,-56.71980,-56.77220,-30.60980,-55.15740,0.86750,-0.0238,-0.023
2020-09-30,0.59690,0.64040,-0.04350,,2.83110,-0.03460,3.77120,-3.81480,-3.22530,-7.04000,,-7.04000,-7.04000,0.49110,-6.54890,-1.68450,-3.81480,29.62600,29.62600,-0.22000,-0.22000,1.00390,0.08500,0.17280,-7.29220,-639.11300,-639.11300,-1179.46300,-1097.17900,0.00910,0.44460,202.44600,-16.01200,-26.14340,-10.78320,-14.65090,1.37440,-0.0146,-0.0147
2020-06-30,0.62050,0.50710,0.11340,,2.64730,-1.19130,4.74900,-4.63560,-6.10990,-10.74550,,-10.74550,-10.74550,-0.13520,-10.88070,-3.37500,-4.63560,26.20600,26.20600,-0.42000,-0.42000,0.91620,0.07080,0.20990,18.26860,-747.12480,-747.12480,-1731.85100,-1753.65000,0.00890,0.43550,206.67960,-24.43390,-40.82470,-15.37100,-22.70490,1.55140,-0.1124,-0.116
2020-03-31,1.05770,0.98740,0.07030,,7.47560,-0.06170,8.43650,-8.36610,-0.68510,-9.05130,,-9.05130,-9.05130,0.27480,-8.77650,-7.40280,-8.36610,23.81800,23.81800,-0.37000,-0.37000,0.55390,0.04640,0.34060,6.64610,-790.94180,-790.94180,-855.71580,-829.73700,0.01540,0.51130,176.03760,-22.18540,-40.17800,-13.17270,-21.15590,1.70460,-0.02960,-0.03910
2019-12-31,-12.06660,-3.04230,-9.02430,,-3.42680,0.39970,-5.08130,-3.94300,-0.59340,-4.53640,,-4.53640,-4.53640,,-5.81980,-5.13320,-3.94300,16.15900,16.15900,-0.23000,-0.23000,0.55640,,0.31280,74.78770,32.67710,32.67710,37.59490,48.23090,-0.16150,-19.17190,-4.69440,-10.25860,-10.26650,-6.07310,-10.25860,1.90800,-0.039,-0.0007
2019-09-30,6.04150,2.55280,3.48880,,5.41740,-0.17290,7.30630,-3.81760,-0.43590,-4.25350,,-4.25350,-4.25350,,-4.25350,-2.06510,-3.81760,18.09900,18.09900,-0.24000,-0.24000,0.79750,,0.27660,57.74660,-63.18920,-63.18920,-70.40380,-70.40380,0.08110,2.46950,36.44410,-8.54600,-14.07100,-5.71130,-8.54600,2.14750,-0.0004,-0.0428
2019-06-30,7.33830,2.90980,4.42850,,5.28990,-0.15140,7.17290,-2.74440,-0.06690,-2.81130,,-2.81130,-2.81130,,-2.81130,-1.01270,-2.74440,11.60300,11.60300,-0.24000,-0.24000,0.09600,,0.15000,60.34740,-37.39800,-37.39800,-38.30950,-38.30950,0.05160,,,-56.22570,-56.22570,-1.97780,-56.22570,1.12160,-0.1809,-0.2195
2019-03-31,6.23500,2.64390,3.59120,,4.96980,-0.78930,7.44530,-3.85420,,-3.85420,,-3.85420,-3.85420,,-3.85420,-2.16800,-3.85420,11.60300,11.60300,-0.33000,-0.33000,0.17190,,0.13000,57.59670,-61.81430,-61.81430,-61.81430,-61.81430,0.04380,,,-77.08300,-77.08280,-2.70880,-77.08300,1.12710,-0.24700,-0.28600
2018-12-31,15.12300,6.86590,8.25710,,16.04160,-11.79800,30.41100,-22.15390,-2.94830,-25.10220,,-24.85890,-24.85890,,-23.73570,-19.66590,-22.15390,11.60300,11.60300,-2.01000,-2.01000,0.31580,,,54.59950,-146.49140,-146.49140,-165.98650,-156.95070,0.23030,9.86350,9.12460,-103.48710,-919.78630,-37.85610,-103.48710,2.07030,-0.2912,-0.3179
2018-09-30,5.48020,2.44840,3.03190,,4.17370,-0.12980,9.44860,-6.41680,-0.34780,-6.76460,,-6.76460,-6.76460,,-6.68810,-6.41680,-6.41680,11.60280,11.60280,-0.58000,-0.58000,0.34040,,,55.32360,-117.08970,-117.08970,-123.43670,-122.04030,0.03890,,,-135.29240,-135.29210,-4.80720,-135.29240,1.14290,-0.8803,-2.3312
2018-06-30,,,,,0.11350,,,-0.11350,0.63120,0.51770,0.14860,0.36910,0.36910,,-0.07020,-0.11350,-0.11350,4.35900,4.35900,-0.02000,-0.02000,0.89760,,,,,,,,,,,7.38280,7.38280,0.26330,7.38280,1.14520,-0.059,-0.059
2018-03-31,,,,,0.14630,,,-0.14630,0.47560,0.32940,0.09470,0.23470,0.23470,,-0.12210,-0.14630,-0.14630,4.34700,4.34700,-0.03000,-0.03000,1.41090,,,,,,,,,,,4.69400,4.69400,0.16790,4.69400,1.14710,-0.02880,-0.02880
2017-12-31,,,,,,,,,,,,,,,,,,,,,0.00000,,,,,,,,,,,,,,,,,0.0003,0.0003
2017-09-30,,,,,0.00060,,,-0.00060,,-0.00060,0.00000,-0.00060,-0.00060,,-0.00060,-0.00060,-0.00060,3.00000,3.00000,0.00000,0.00000,1.17300,,5.19710,,,,,,,,,-2.59850,-2.59850,-0.38320,-2.59850,0.00700,-0.0003,-0.0003
2017-06-30,,,,,0.00030,,,-0.00030,,-0.00030,0.00000,-0.00030,-0.00030,,-0.00030,-0.00030,-0.00030,3.00000,3.00000,0.00000,0.00000,1.19690,,5.06540,,,,,,,,,-1.30890,-1.30890,-0.21530,-1.30890,0.00720,0,0
