Date,revenue,cost-goods-sold,gross-profit,selling-general-administrative-expenses,operating-expenses,operating-income,total-non-operating-income-expense,pre-tax-income,total-provision-income-taxes,income-after-taxes,income-from-continuous-operations,net-income,ebitda,ebit,basic-shares-outstanding,shares-outstanding,eps-basic-net-earnings-per-share,eps-earnings-per-share-diluted,long-term-debt-capital,debt-equity-ratio,operating-margin,ebit-margin,pre-tax-profit-margin,net-profit-margin,asset-turnover,roe,return-on-tangible-equity,roa,roi,book-value-per-share,operating-cash-flow-per-share,free-cash-flow-per-share
2024-09-30,523.81400,430.27800,93.53600,11.92100,59.70400,33.83210,-36.66200,-2.83000,0.26300,-3.09300,-3.09300,-4.12600,87.73210,33.83210,133.73270,133.73270,-0.03000,-0.03000,0.36940,0.84990,6.45880,6.45880,-0.54030,-0.78770,0.11200,-0.13700,-0.16770,-0.06610,-0.08640,14.76370,0.4627,0.2884
2024-06-30,504.58100,415.88700,88.69400,11.74600,57.02500,31.66900,-28.05700,3.61200,0.68600,2.92600,2.92600,1.97900,87.77900,31.66900,130.53220,130.68990,0.01000,0.01000,0.37620,0.97580,6.27630,6.27630,0.71580,0.39220,0.10860,0.13910,0.17320,0.06300,0.08670,15.98140,0.4661,0.3349
2024-03-31,499.53300,417.35600,82.17700,11.82800,57.37700,24.80000,-27.52600,-2.72600,0.27800,-3.00400,-3.00400,-3.89200,79.36600,24.80000,104.29510,104.29510,-0.04000,-0.04000,0.37330,0.95200,4.96460,4.96460,-0.54570,-0.77910,0.10620,-0.14100,-0.17580,-0.06390,-0.08830,16.19460,-0.05710,-0.10850
2023-12-31,482.58100,398.06500,84.51600,11.34100,58.85210,25.66390,-56.73500,-31.07100,-0.11200,-30.95900,-30.95900,-27.42500,88.26000,25.66390,66.04710,66.04710,-0.41000,-0.41000,0.48530,1.80180,5.31810,5.31810,-6.43850,-5.68300,0.10540,-2.17210,-3.06550,-0.67630,-1.11790,21.52230,0.3902,0.258
2023-09-30,464.24000,389.17700,75.06300,11.34200,61.63900,13.42400,-19.58600,-6.16200,0.28400,-6.44600,-6.44600,-5.98900,76.62600,13.42400,66.04900,66.04900,-0.09000,-0.09000,0.46080,1.72120,2.89160,2.89160,-1.32730,-1.29010,0.10120,-0.43740,-0.61870,-0.14050,-0.23580,22.24940,0.4408,1.3203
2023-06-30,467.57100,387.20200,80.36900,11.77400,57.36300,23.00600,-34.52500,-11.51900,0.34800,-11.86700,-11.86700,-12.18300,79.98400,23.00600,66.03340,66.03340,-0.19000,-0.19000,0.46190,1.71500,4.92030,4.92030,-2.46360,-2.60560,0.10020,-0.79300,-1.12930,-0.25430,-0.42670,22.59200,0.2995,1.0563
2023-03-31,452.22600,385.34100,66.88500,13.05300,58.05500,8.83000,-36.30200,-27.47200,0.14300,-27.61500,-27.61500,-25.87200,73.87000,8.83000,66.02620,66.02620,-0.39000,-0.39000,0.45630,1.69920,1.95260,1.95260,-6.07480,-5.72100,0.09530,-1.80850,-2.57420,-0.58170,-0.98330,23.06270,0.36140,0.14030
2022-12-31,452.58300,375.70400,76.87910,-19.44700,59.22500,17.65410,-66.86700,-49.21300,0.08700,-49.30000,-49.30000,-47.53100,97.49910,17.65410,65.80790,65.80790,-0.72000,-0.72000,0.44910,1.63290,3.90070,3.90070,-10.87380,-10.50220,0.09460,-3.14460,-4.48230,-1.02990,-1.73220,23.67870,0.5219,0.5601
2022-09-30,426.16200,352.33700,73.82500,9.62600,50.27900,23.54600,-31.06400,-7.51800,0.12600,-7.64400,-7.64400,-13.50500,73.10700,23.54600,65.81980,65.81980,-0.21000,-0.21000,0.41850,1.50780,5.52510,5.52510,-1.76410,-3.16900,0.08960,-0.46620,-0.66660,-0.16060,-0.27110,6.20620,0.8697,0.8058
2022-06-30,388.29900,310.72200,77.57700,10.92800,52.65600,24.92100,-40.25800,-15.33700,0.20500,-15.54200,-15.54200,-17.31000,70.91500,24.92100,65.75440,65.75440,-0.26000,-0.26000,0.40610,1.43350,6.41800,6.41800,-3.94980,-4.45790,0.08580,-0.91980,-1.25120,-0.34360,-0.54620,6.39180,0.5131,0.2893
2022-03-31,376.13100,302.44700,73.68400,42.31100,53.60300,20.08100,-20.81000,-0.72900,0.16800,-0.89700,-0.89700,-2.95600,68.55800,20.08100,65.62920,65.62920,-0.05000,-0.05000,0.39620,1.37160,5.33880,5.33880,-0.19380,-0.78590,0.08260,-0.05180,-0.07020,-0.01970,-0.03130,6.56090,0.34070,0.23740
2021-12-31,365.39700,292.16690,73.23010,19.59100,79.75910,-6.52900,-18.29900,-24.82800,0.17100,-24.99900,-24.99900,-23.03200,55.12500,-6.52900,50.08110,50.08110,-0.81000,-0.81000,0.39130,1.34100,-1.78680,-1.78680,-6.79480,-6.30330,0.07980,-1.42290,-1.92580,-0.54580,-0.86620,26.71680,0.366,-0.8192
2021-09-30,317.48600,265.00900,52.47700,9.00800,38.97500,13.50200,-17.41100,-3.90900,0.12700,-4.03600,-4.03600,-5.23700,45.52600,13.50200,179.64170,179.64170,-0.03000,-0.03000,0.03270,0.98250,4.25280,4.25280,-1.23120,-1.64950,0.29840,-0.78320,-0.87630,-0.37940,-0.75760,6.30530,-0.0282,-0.0952
2021-06-30,308.09300,258.54500,49.54800,7.34300,36.45000,13.09800,-20.56400,-7.46600,0.49500,-7.96100,-7.96100,-7.67800,45.12200,13.09800,179.62880,179.62880,-0.04000,-0.04000,0.03210,0.94520,4.25130,4.25130,-2.42330,-2.49210,0.28640,-1.50360,-1.68590,-0.74000,-1.45530,6.47810,0.0492,-0.0446
2021-03-31,291.27800,253.19700,38.08100,7.25700,34.22800,3.85310,-19.96300,-16.11000,0.16300,-16.27300,-16.27300,-11.84700,35.53110,3.85310,179.62780,179.62780,-0.07000,-0.07000,0.03170,0.92240,1.32280,1.32280,-5.53080,-4.06720,0.26810,-3.00740,-3.38180,-1.49760,-2.91210,6.62320,-0.02930,-0.18480
2020-12-31,1126.75000,963.44600,163.30400,15.04700,76.20200,87.10190,-67.07700,20.02500,-3.07800,23.10300,23.10300,15.79500,176.74590,87.10200,44.97920,44.97920,0.22000,0.22000,0.44780,1.62650,7.73040,7.73040,1.77720,1.40180,0.34830,2.23330,2.87180,0.71420,1.23320,5.75810,4.5018,2.0111
2020-09-30,41.33100,23.30200,18.02900,3.67200,16.39800,1.63100,-6.82200,-5.19100,-0.03900,-5.15200,-5.15200,-4.92000,14.99200,1.63100,80.78840,80.78840,-0.06000,-0.06000,0.03110,0.88960,3.94620,3.94620,-12.55960,-11.90390,0.03720,-0.92130,-1.05020,-0.46350,-0.89260,6.90490,0.1337,0.1078
2020-06-30,38.67600,20.43800,18.23800,3.84000,16.56800,1.67000,-2.78600,-1.11600,0.03900,-1.15500,-1.15500,-0.94600,15.09000,1.67000,80.40290,80.40290,-0.01000,-0.01000,0.03080,0.87450,4.31790,4.31790,-2.88550,-2.44600,0.03440,-0.20300,-0.23300,-0.10290,-0.19670,7.05970,0.1149,0.092
2020-03-31,37.54400,18.83900,18.70500,4.44800,16.98700,1.71800,-9.65100,-7.93300,,-7.93300,-7.93300,-7.76600,14.94000,1.71800,80.30170,80.30170,-0.10000,-0.10000,0.03060,0.85030,4.57600,4.57600,-21.12990,-20.68510,0.03330,-1.37290,-1.58790,-0.70280,-1.33090,7.17130,0.12200,0.08750
2019-12-31,1135.78300,959.28700,176.49580,18.33600,92.53400,83.96190,-54.05700,20.82300,1.51300,19.31000,19.31000,15.12700,187.68390,83.96200,181.93130,181.93130,0.22000,0.22000,0.04230,0.71660,7.39240,7.39240,1.83340,1.33190,1.06310,3.27240,3.74180,1.80750,3.13400,7.38520,0.2628,-0.1855
2019-09-30,31.11800,14.81300,16.30500,3.98200,13.60800,2.69700,-4.60800,-1.91100,0.00700,-1.91800,-1.91800,-1.89900,12.79200,2.69700,79.50220,79.50220,-0.02000,-0.02000,0.04210,0.64290,8.66700,8.66700,-6.14110,-6.10260,0.03000,-0.32130,-0.36640,-0.18480,-0.30780,7.50990,0.1664,0.1393
2019-06-30,30.37300,15.17300,15.20000,3.24100,14.47200,0.72800,-6.61000,-5.88200,0.00700,-5.88900,-5.88900,-5.85700,11.35500,0.72800,79.02700,79.02700,-0.07000,-0.07000,0.04160,0.48650,2.39690,2.39690,-19.36590,-19.28360,0.03180,-0.97030,-1.08790,-0.61560,-0.92990,7.67470,0.1335,0.1269
2019-03-31,25.84200,12.44600,13.39600,4.19000,20.38600,-6.99000,-5.36800,-12.35800,-0.00300,-12.35500,-12.35500,-12.33600,9.71800,-6.99000,75.10550,75.10550,-0.16000,-0.16000,0.02640,0.43030,-27.04900,-27.04900,-47.82140,-47.73620,0.02770,-1.99270,-2.21060,-1.32220,-1.94020,7.88650,0.08290,0.06140
2018-12-31,25.32300,11.44600,13.87700,3.36900,14.51500,-0.63800,-3.04700,-3.68500,0.01200,-3.69700,-3.69700,-3.65400,8.36200,-0.63800,54.84720,54.84720,-0.05000,-0.05000,0.02940,0.52340,-2.51940,-2.51940,-14.55200,-14.42960,0.02830,-0.66290,-0.76550,-0.41240,-0.64340,8.05240,0.0098,0.0217
2018-09-30,22.28100,11.17400,11.10700,2.10500,11.21000,-0.10300,-1.59600,-1.69900,-0.00400,-1.69500,-1.69500,-1.63100,9.13500,-0.10300,57.77000,57.77000,-0.03000,-0.03000,0.03310,0.43700,-0.46230,-0.46230,-7.62530,-7.32010,0.02940,-0.34140,-0.39200,-0.22400,-0.33010,8.12860,0.0824,0.0656
2018-06-30,19.01000,9.31800,9.69200,1.57800,9.49000,0.20200,-1.16000,-0.95800,,-0.95800,-0.95800,-0.90000,8.23500,0.20200,51.27780,51.27780,-0.02000,-0.02000,0.03690,0.20490,1.06260,1.06260,-5.03950,-4.73440,0.03320,-0.21460,-0.23910,-0.16710,-0.20670,8.19950,0.085,0.0276
2018-03-31,17.84200,9.58400,8.25800,2.12000,9.41000,-1.15200,-1.08400,-2.23600,,-2.23600,-2.23600,-2.16900,6.25000,-1.15200,45.13670,45.13670,-0.05000,-0.05000,0.02820,0.18660,-6.45670,-6.45670,-12.53220,-12.15670,0.03540,-0.56550,-0.63620,-0.44400,-0.54960,8.26030,0.10400,0.08870
2017-12-31,14.59500,2.39900,12.19600,1.34200,11.88600,0.31000,-1.09200,-0.78200,,-0.78200,-0.78200,-0.74900,6.49400,0.31000,27.75470,27.75470,-0.02000,-0.02000,0.03170,0.27080,2.12400,2.12400,-5.35800,-5.13190,0.03040,-0.22140,-0.25360,-0.16290,-0.21440,8.36880,0.1754,0.1609
2017-09-30,8.48800,2.09500,6.39300,1.29600,4.85900,1.53400,-0.78000,0.75400,,0.75400,0.75400,0.75400,5.07000,1.53400,32.59330,32.59330,0.02000,0.02000,0.03660,0.12290,18.07260,18.07260,8.88310,8.88310,0.02280,0.24630,0.28080,0.20300,0.23730,8.45000,0.0646,0.0401
2017-06-30,6.19800,1.61100,4.58700,0.95200,3.55800,1.02900,-0.40800,0.62100,,0.62100,0.62100,0.62100,3.57500,1.02900,24.03600,24.03600,0.03000,0.03000,0.04610,0.34200,16.60210,16.60210,10.01940,10.01940,0.01770,0.25650,0.30150,0.17770,0.24470,8.44550,0.1121,0.1133
2017-03-31,4.05200,1.18700,2.86500,0.74800,2.53200,0.33300,-0.41800,-0.08500,,-0.08500,-0.08500,-0.08500,2.12100,0.33300,14.65510,14.65510,-0.01000,-0.01000,0.02390,0.24830,8.21820,8.21820,-2.09770,-2.09770,0.01860,-0.05340,-0.06250,-0.03900,-0.05220,8.32900,0.09480,0.09220
2016-12-31,,,,,,,,,,,,,,,,,,0.00000,,,,,,,,,,,,,0.712,0.7174
2016-09-30,0.31200,0.09800,0.21400,0.32900,2.25000,-2.03600,-0.05600,-2.09200,,-2.09200,-2.09200,-2.09200,-2.03600,-2.03600,3.35800,3.35800,-0.62000,-0.62000,0.08220,0.36890,-652.56410,-652.56410,-670.51280,-670.51280,0.00480,-4.87030,-5.79690,-3.18640,-4.47000,7.90470,0.4031,0.3977
2016-06-30,0.02600,0.02300,0.00300,0.24600,0.61600,-0.61300,,-0.61300,,-0.61300,-0.61300,-0.61300,-0.61300,-0.61300,0.63580,0.63580,-0.96000,-0.96000,,,-2357.69200,-2357.69200,-2357.69200,-2357.69200,0.00170,-5.14560,-5.31840,-3.99610,-5.14560,7.12930,-1.1151,-1.1151
2016-03-31,,,,0.15000,,-0.15000,,-0.15000,,-0.15000,-0.15000,-0.15000,-0.15000,-0.15000,0.02080,0.02080,-7.20000,-7.20000,,,,,,,,-182.92690,-182.92680,-35.04670,-182.92680,3.90480,0.00000,0.00000
2015-12-31,,,,,,,,,,,,,,,,,,0.00000,,,,,,,,,,,,,0,0
2015-09-30,,,,,,,,,,,,,,,0.02080,0.02080,,0.00000,,,,,,,,,,,,,0,0
2015-06-30,,,,,,,,,,,,,,,0.02080,0.02080,,0.00000,,,,,,,,,,,,,0,0
