Date,revenue,cost-goods-sold,gross-profit,research-development-expenses,selling-general-administrative-expenses,other-operating-income-expenses,operating-expenses,operating-income,total-non-operating-income-expense,pre-tax-income,total-provision-income-taxes,income-after-taxes,income-from-continuous-operations,income-from-discontinued-operations,net-income,ebitda,ebit,basic-shares-outstanding,shares-outstanding,eps-basic-net-earnings-per-share,eps-earnings-per-share-diluted,current-ratio,long-term-debt-capital,debt-equity-ratio,gross-margin,operating-margin,ebit-margin,pre-tax-profit-margin,net-profit-margin,asset-turnover,receiveable-turnover,days-sales-in-receivables,roe,return-on-tangible-equity,roa,roi,book-value-per-share,operating-cash-flow-per-share,free-cash-flow-per-share
2024-09-30,0.03300,,0.03300,0.87800,3.42300,,,-4.26800,-0.02100,-4.28900,0.00000,-4.28900,-4.28900,,-4.28900,-4.35480,-4.26800,7.08100,7.08100,-0.61000,-0.61000,1.05130,,,100.00000,-12933.33000,-12933.33000,-12996.97000,-12996.97000,0.00620,0.38370,234.54550,-154.50330,-257.28860,-80.75690,-154.50290,0.32750,-0.3427,-0.3523
2024-06-30,1.90360,1.22090,0.68270,,1.06480,,1.06480,-0.38210,-0.00760,-0.38970,,-0.38970,-0.38970,,-0.38970,-0.33970,-0.38210,0.67110,0.67110,-0.58000,-0.58000,0.61040,,0.21750,35.86330,-20.07090,-20.07090,-20.47160,-20.47160,0.57510,2.40440,37.43100,-28.25860,57.86850,-11.77360,-28.25860,2.05520,-0.1776,-0.1776
2024-03-31,1.91540,1.21610,0.69930,,1.37320,,1.37320,-0.67400,0.00000,-0.67400,0.00000,-0.67400,-0.67400,0.00000,-0.67400,-0.62150,-0.67400,0.67090,0.67090,-0.99010,-0.99010,0.76470,,0.29270,36.50770,-35.18750,-35.18750,-35.18640,-35.18640,0.50880,2.46820,36.46410,-39.44650,178.26600,-17.90170,-39.44640,2.54650,-0.17690,-0.17690
2023-12-31,3.77420,2.54470,1.22950,,2.29820,,1.90630,-0.67680,0.36490,-0.31190,,-0.26930,-0.26930,,-0.26930,-0.67680,-0.67680,0.64960,0.64960,-1.20010,-1.20010,0.89060,,,32.57580,-17.93090,-17.93090,-8.26270,-7.13440,1.42910,44.93130,2.00310,-247.03220,97.20860,-10.19570,-247.03480,0.02960,-3.881,-3.881
2023-09-30,0.02300,,0.02300,0.39200,0.27800,,,-0.64700,-0.00300,-0.65000,,-0.65000,-0.65000,,-0.65000,-0.64700,-0.64700,3.67900,3.67900,-0.18000,-0.18000,1.24610,,0.20590,100.00000,-2813.04300,-2813.04300,-2826.08700,-2826.08700,0.00440,0.01550,5790.44300,-22.53330,-91.55930,-12.35320,-22.53330,4.36890,2.869,2.869
2023-06-30,2.02460,1.31960,0.70500,,1.65440,1.44250,0.21190,0.49310,-0.03670,0.45640,,0.45640,0.23480,,0.23480,0.54680,0.49310,0.64200,0.64850,0.36000,0.36000,0.76900,,0.45310,34.82200,24.35600,24.35600,22.54440,11.59650,0.32410,1.16700,77.12300,8.96950,58.86890,3.75820,8.96950,4.07760,-0.5651,-0.5651
2023-03-31,2.16010,1.50330,0.65680,,1.61150,,1.61160,-0.95470,-0.03540,-0.99010,0.00000,-0.99010,-1.01400,-0.33600,-1.35000,-0.90060,-0.95470,0.64030,0.64030,-2.10020,-2.10020,0.70990,,0.53820,30.40560,-44.19790,-44.19790,-45.83480,-62.49420,0.29630,1.32200,68.07830,-42.75930,-934.56960,-13.90880,-42.75930,3.69400,-2.75570,-2.75570
2022-12-31,1.97060,1.44660,0.52390,,1.53640,,1.53650,-1.01250,-0.01890,-1.03140,0.02290,-1.05430,-1.05430,-8.39530,-9.44960,-0.95830,-1.01250,0.58960,0.58960,-16.11160,-16.11160,0.72090,,0.11390,26.58810,-51.38150,-51.38150,-52.34140,-479.53460,0.24690,1.20930,74.42530,-28.26640,-74.08950,-13.20990,-28.26640,5.83770,-1.8744,-2.4013
2022-09-30,2.30640,1.56780,0.73860,,1.86870,,1.86870,-1.13010,-0.01720,-1.14740,0.02300,-1.17040,-1.17040,-3.53020,-4.70050,-1.07670,-1.13010,0.61260,0.61260,-7.68080,-7.68080,1.61700,,,32.02410,-48.99970,-48.99970,-49.74760,-203.80510,0.13890,1.50530,59.78880,-9.26670,-390.19160,-7.04710,-9.26670,19.80220,-0.768,-1.0962
2022-06-30,3.75050,2.84670,0.90380,,2.50310,,2.50310,-1.59930,-0.01960,-1.61890,0.30300,-1.92190,-1.92190,0.39650,-1.52540,-1.54440,-1.59930,0.57640,0.57640,-2.70030,-2.70030,1.29400,,,24.09910,-42.64130,-42.64130,-43.16450,-40.67280,0.18600,1.04670,85.98340,-13.06140,873.20060,-9.53110,-13.06140,25.37650,-4.1797,-4.2131
2022-03-31,2.99550,2.29900,0.69650,,2.37350,,2.37360,-1.67710,-0.01870,-1.69580,0.46360,-2.15940,-2.15940,0.08110,-2.07830,-1.61950,-1.67710,0.57640,0.57640,-3.60040,-3.60040,2.20910,,,23.25050,-55.98580,-55.98580,-56.61090,-69.38070,0.14110,1.79150,50.23730,-13.75230,-517.21730,-10.17460,-13.75230,27.16070,-3.37780,-3.39830
2021-12-31,2.58200,1.92090,0.66120,,3.71940,0.19250,3.52690,-2.86570,0.44500,-2.42070,,-1.34990,-1.34990,,-1.34990,-2.74030,-2.86570,0.41910,0.41910,-3.00030,-3.00030,3.46810,,,25.60630,-110.98720,-110.98710,-93.75340,-52.28020,0.11050,1.55090,58.03080,-7.73970,-74.70630,-5.77800,-7.73970,30.35310,-0.7395,-0.7726
2021-09-30,4.29990,3.32110,0.97890,,1.02390,-0.03920,1.06310,-0.08430,-0.01130,-0.09550,0.00000,-0.09550,-0.09550,,-0.09550,-0.02910,-0.08430,0.41980,0.41980,-0.30000,-0.30000,2.19660,0.06630,0.28370,22.76490,-1.95970,-1.95970,-2.22160,-2.22160,0.45650,1.49580,60.16830,-1.69310,-2.76500,-1.01410,-1.58080,12.52880,-0.7392,-0.8194
2021-06-30,4.73200,3.77600,0.95590,,0.81920,-0.08280,0.90200,0.05400,-0.01080,0.04320,,0.04320,0.04320,,0.04320,0.10460,0.05400,0.39930,0.42210,0.00000,0.00000,1.38190,0.18870,0.67450,20.20150,1.14070,1.14070,0.91200,0.91200,0.69050,2.25600,39.89400,1.51690,7.03020,0.62970,1.23080,7.08610,-0.6728,-0.7147
2021-03-31,3.41960,2.39990,1.01970,,0.68030,-0.07050,0.75080,0.26890,0.00190,0.27080,,0.27080,0.27080,,0.27080,0.27430,0.26890,0.37610,0.40950,0.60010,0.60010,2.12680,0.11100,0.39400,29.81800,7.86270,7.86270,7.91950,7.91950,0.72170,2.88340,31.21340,11.23040,11.23030,5.71560,9.98410,6.22800,0.39770,0.38640
2020-12-31,3.09920,2.17200,0.92720,,0.56820,,0.56820,0.35900,0.00060,0.35960,,0.35960,0.35960,,0.35960,0.36420,0.35900,0.37410,0.40160,0.90010,0.60010,1.90930,0.18120,0.27890,29.91650,11.58370,11.58370,11.60420,11.60420,0.82130,,,22.29080,22.29070,9.53000,18.25210,4.29820,0.9562,0.9441
2020-09-30,3.92270,3.30840,0.61430,,0.39940,0.00000,0.39940,0.21490,-0.00020,0.21470,0.00000,0.21470,0.21470,,0.21470,0.21870,0.21490,0.37370,0.39450,0.60010,0.60010,1.82220,0.25230,0.36790,15.66060,5.47850,5.47850,5.47330,5.47330,1.17380,2.45140,36.71420,17.55130,17.55130,6.42460,13.12260,2.85530,1.4879,1.3863
2020-06-30,4.81940,4.43040,0.38900,,0.42350,0.00000,0.42340,-0.03450,-0.00020,-0.03460,0.00000,-0.03460,-0.03460,,-0.03460,-0.03270,-0.03450,0.37370,0.37370,0.00000,0.00000,2.37040,0.23100,0.44900,8.07190,-0.71480,-0.71480,-0.71830,-0.71830,2.23720,4.97930,18.07490,-3.45430,-3.45430,-1.60710,-2.65650,2.68190,-0.6184,-0.6655
2020-03-31,2.06180,1.78290,0.27880,,0.40640,,0.40650,-0.12760,0.00130,-0.12630,0.00000,-0.12630,-0.12630,,-0.12630,-0.12640,-0.12760,0.37370,0.37370,-0.30000,-0.30000,2.26480,,,13.52380,-6.18920,-6.18920,-6.12770,-6.12770,1.15970,3.46560,25.96970,-12.18920,-12.18920,-7.10630,-12.18920,2.77360,-0.77170,-0.77170
2019-12-31,2.09910,1.76310,0.33610,,0.47690,,0.47690,-0.14090,0.00230,-0.13860,,-0.13860,-0.13860,,-0.13860,-0.13940,-0.14090,0.37360,0.37360,,0.00000,1.89380,,,16.00950,-6.71010,-6.71010,-6.60110,-6.60110,0.88420,3.13910,28.67080,-11.92100,-11.92100,-5.83680,-11.92100,3.11050,-0.1436,-0.1463
2019-09-30,3.18260,2.79830,0.38430,,0.56610,,0.56600,-0.18170,0.00250,-0.17920,,-0.17920,-0.17920,,-0.17920,-0.18020,-0.18170,0.37370,0.37370,-0.60010,-0.60010,1.49400,,,12.07560,-5.71060,-5.71060,-5.63140,-5.63140,0.84470,2.28950,39.30940,-13.78190,-13.78190,-4.75690,-13.78190,3.47990,-1.179,-1.1827
2019-06-30,3.70440,3.34770,0.35680,,0.56840,,0.56830,-0.21160,0.00300,-0.20860,0.00000,-0.20860,-0.20860,,-0.20860,-0.21010,-0.21160,0.37360,0.37360,-0.60010,-0.60010,2.49600,,,9.63070,-5.71290,-5.71290,-5.63120,-5.63120,1.48760,5.36660,16.77050,-14.10360,-14.10360,-8.37680,-14.10360,3.95800,-0.7019,-0.7179
2019-03-31,1.17880,0.85600,0.32280,,0.51640,,0.51640,-0.19360,0.00270,-0.19090,0.00000,-0.19090,-0.19090,,-0.19090,-0.19220,-0.19360,0.37340,0.37340,-0.60010,-0.60010,2.33020,,,27.38660,-16.41970,-16.41970,-16.19010,-16.19010,0.39330,1.55420,57.90900,-11.31860,-11.31860,-6.36680,-11.31860,4.51620,-0.43060,-0.43060
2018-12-31,1.41280,0.94480,0.46800,,0.51060,,0.51060,-0.04260,0.00280,-0.03980,,-0.03980,-0.03980,,-0.03980,-0.04070,-0.04260,0.37340,0.37340,-0.21160,-0.20910,2.61500,,,33.12260,-3.01680,-3.01680,-2.81990,-2.81990,0.46720,2.16410,41.58790,-2.12750,-2.12750,-1.31760,-2.12750,5.01550,-0.2968,-0.3018
2018-09-30,2.41870,1.84960,0.56910,,0.54400,,0.54400,0.02510,0.00290,0.02800,0.00000,0.02800,0.02800,,0.02800,0.02740,0.02510,0.37340,0.38640,0.07490,0.07240,2.05660,,,23.52960,1.03730,1.03730,1.15620,1.15620,0.65400,2.08990,43.06460,1.46660,1.46660,0.75610,1.46660,5.10690,-0.0396,-0.0423
2018-06-30,3.70780,3.15250,0.55540,,0.56420,,0.56420,-0.00890,0.00300,-0.00590,0.00000,-0.00590,-0.00590,,-0.00590,-0.00620,-0.00890,0.37340,0.37340,0.00000,0.00000,2.69230,,,14.97790,-0.23910,-0.23910,-0.15860,-0.15860,1.24960,4.78630,18.80350,-0.31450,-0.31450,-0.19820,-0.31450,5.01000,-0.3866,-0.387
2018-03-31,1.39450,0.84410,0.55040,,0.58640,,0.58630,-0.03590,0.00270,-0.03330,0.00000,-0.03330,-0.03330,,-0.03330,-0.03300,-0.03590,0.37340,0.37340,0.00000,0.00000,2.42740,,,39.47150,-2.57780,-2.57780,-2.38630,-2.38630,0.44090,2.13280,42.19880,-1.78230,-1.78230,-1.05200,-1.78230,5.00060,-1.32190,-1.32930
2017-12-31,2.37100,1.72870,0.64240,,0.56550,,0.56550,0.07680,0.00220,0.07910,,0.07910,0.07910,,0.07910,0.08010,0.07680,0.37340,0.38610,0.30000,0.30000,2.01940,,,27.09160,3.24020,3.24030,3.33510,3.33510,0.63480,3.88580,23.16130,4.17500,4.17500,2.11720,4.17500,5.07300,0.4576,0.4555
2017-09-30,2.73180,2.09590,0.63590,,0.52790,,0.52790,0.10800,0.00230,0.11030,0.00000,0.11030,0.11030,,0.11030,0.11150,0.10800,0.37340,0.38370,0.00000,0.00000,1.58210,,,23.27740,3.95340,3.95340,4.03710,4.03710,0.56030,1.50990,59.60480,6.10480,6.10480,2.26190,6.10480,4.83850,1.5187,1.5187
2017-06-30,4.05610,3.41880,0.63730,,0.55080,,0.55080,0.08650,0.00220,0.08870,0.00000,0.08870,0.08870,,0.08870,0.09120,0.08650,0.37340,0.38480,0.30000,0.30000,2.31380,,,15.71310,2.13310,2.13310,2.18730,2.18730,1.37150,5.51280,16.32550,5.25170,5.25170,2.99990,5.25170,4.52460,0.5408,0.5408
2017-03-31,1.48160,0.98180,0.49980,,0.53340,,0.53340,-0.03360,0.00200,-0.03160,0.00000,-0.03160,-0.03160,,-0.03160,-0.02810,-0.03360,0.37340,0.37340,0.00000,0.00000,1.93460,,,33.73570,-2.26600,-2.26600,-2.13380,-2.13380,0.45130,1.40390,64.10860,-1.97530,-1.97530,-0.96300,-1.97530,4.28690,-0.35170,-0.35170
2016-12-31,1.40620,1.02310,0.38320,,0.52600,,0.52600,-0.14280,0.00240,-0.14040,,-0.14040,-0.14040,,-0.14040,-0.13660,-0.14280,0.37340,0.37340,-0.30000,-0.30000,1.75430,,,27.24740,-10.15780,-10.15770,-9.98540,-9.98540,0.37470,1.21500,74.07440,-8.60120,-8.60120,-3.74200,-8.60120,4.37250,-2.414,-2.419
2016-09-30,2.03160,1.47550,0.55610,,0.61590,,0.61590,-0.05980,0.00260,-0.05720,0.00000,-0.05720,-0.05720,,-0.05720,-0.05310,-0.05980,0.37340,0.37340,-0.30000,-0.30000,1.60690,,,27.37240,-2.94340,-2.94340,-2.81750,-2.81750,0.43880,1.57060,57.30400,-3.22970,-3.22970,-1.23620,-3.22970,4.74670,1.1687,1.1637
2016-06-30,1.82270,1.29690,0.52570,,0.67390,,0.67390,-0.14810,0.00240,-0.14580,0.00000,-0.14580,-0.14580,,-0.14580,-0.14060,-0.14810,0.37340,0.37340,-0.30000,-0.30000,1.92020,,,28.84450,-8.12630,-8.12630,-7.99680,-7.99680,0.48410,1.59450,56.44510,-7.97950,-7.97950,-3.87120,-7.97950,4.89240,-0.0575,-0.0643
2016-03-31,1.46830,1.11070,0.35770,,0.57040,,0.57030,-0.21270,0.00240,-0.21030,0.00000,-0.21030,-0.21030,,-0.21030,-0.20490,-0.21270,0.37340,0.37340,-0.60010,-0.60010,2.20060,,,24.35920,-14.48590,-14.48590,-14.32040,-14.32040,0.41170,2.06830,43.51340,-10.68670,-10.68670,-5.89540,-10.68670,5.26990,0.61580,0.59660
2015-12-31,1.96970,0.96190,1.00780,,0.65380,,0.65380,0.35400,0.00250,0.35660,,0.35660,0.35660,,0.35660,0.36140,0.35400,0.37340,0.37700,1.20010,1.20010,2.09710,,,51.16710,17.97350,17.97360,18.10180,18.10180,0.47840,1.51750,59.30990,16.37670,16.37670,8.65920,16.37670,5.83130,-0.5286,-0.5482
2015-09-30,1.45890,1.01460,0.44430,,0.54460,,0.54460,-0.10030,0.00260,-0.09770,0.00000,-0.09770,-0.09770,,-0.09770,-0.09320,-0.10030,0.37340,0.37340,-0.30000,-0.30000,1.93350,,,30.45170,-6.87690,-6.87690,-6.69980,-6.69980,0.39240,1.47480,61.02420,-5.37040,-5.37040,-2.62890,-5.37040,4.87460,-0.0594,-0.0637
2015-06-30,1.30990,0.87370,0.43620,,0.53450,,0.53440,-0.09830,0.00260,-0.09560,0.00000,-0.09560,-0.09560,,-0.09560,-0.09070,-0.09830,0.37340,0.37340,-0.30000,-0.30000,2.11190,,,33.30120,-7.50180,-7.50180,-7.30220,-7.30220,0.36480,1.64350,54.75960,-4.99310,-4.99310,-2.66420,-4.99310,5.13070,0.7566,0.7384
2015-03-31,1.47610,0.99190,0.48430,,0.57160,,0.57150,-0.08730,0.00250,-0.08480,0.00000,-0.08480,-0.08480,,-0.08480,-0.07950,-0.08730,0.37340,0.37340,-0.30000,-0.30000,2.09870,,,32.80590,-5.91480,-5.91480,-5.74690,-5.74690,0.39020,1.32950,67.69710,-4.22370,-4.22370,-2.24250,-4.22370,5.37930,-0.87150,-0.87780
2014-12-31,2.22220,1.21030,1.01190,,0.81320,,0.81320,0.19870,0.00230,0.20100,,0.20100,0.20100,,0.20100,0.20640,0.19870,0.37340,0.37340,0.60010,0.60010,1.93800,,,45.53800,8.94280,8.94280,9.04700,9.04700,0.52290,2.28950,39.31050,9.61750,9.61750,4.73090,9.61750,5.59880,1.0454,1.0145
2014-09-30,1.35710,0.75300,0.60420,,0.57860,,0.57860,0.02560,0.00240,0.02800,0.00000,0.02800,0.02800,,0.02800,0.03370,0.02560,0.37340,0.37820,0.00000,0.00000,2.31010,,,44.51630,1.88280,1.88280,2.06230,2.06230,0.41370,1.57370,57.19130,1.48300,1.48300,0.85320,1.48300,5.05470,0.3873,0.3796
2014-06-30,1.02430,0.70710,0.31720,,0.48110,,0.48110,-0.16390,0.00260,-0.16130,,-0.16130,-0.16130,,-0.16130,-0.15600,-0.16390,0.37340,0.37340,-0.30000,-0.30000,2.21860,,,30.96430,-16.00070,-16.00070,-15.74710,-15.74710,0.30820,1.15570,77.87770,-8.69080,-8.69080,-4.85380,-8.69080,4.97100,-0.9089,-0.921
2014-03-31,1.17980,0.72550,0.45430,,0.55450,,0.55450,-0.10020,0.00270,-0.09750,0.00000,-0.09750,-0.09750,,-0.09750,-0.09260,-0.10020,0.37340,0.37340,-0.30000,-0.30000,2.19850,,,38.50430,-8.49440,-8.49440,-8.26570,-8.26570,0.32470,1.48640,60.54840,-4.84270,-4.84270,-2.68390,-4.84270,5.39350,-0.21130,-0.24670
2013-12-31,1.82530,1.23780,0.58750,,0.57050,,0.57040,0.01700,0.00300,0.02010,,0.02010,0.02010,,0.02010,0.02450,0.01700,0.37340,0.37340,-0.30000,-0.30000,1.88600,,,32.18610,0.93310,0.93310,1.09870,1.09870,0.41420,1.26950,70.89210,0.95220,0.95220,0.45510,0.95220,5.64060,0.2274,0.2255
2013-09-30,3.21780,2.46230,0.75550,,0.64980,,0.64980,0.10570,0.00270,0.10840,0.00000,0.10840,0.10840,,0.10840,0.11230,0.10570,0.37340,0.37370,0.30000,0.30000,1.53660,,,23.47900,3.28530,3.28530,3.36770,3.36770,0.55360,1.14220,78.79530,5.21200,5.21200,1.86430,5.21200,5.56880,-0.3811,-0.4454
2013-06-30,1.11820,0.71480,0.40340,,0.54180,,0.54190,-0.13850,0.00190,-0.13650,,-0.13650,-0.13650,,-0.13650,-0.13260,-0.13850,0.37340,0.37340,-0.30000,-0.30000,2.20210,,,36.07430,-12.38150,-12.38150,-12.20870,-12.20870,0.31470,1.50240,59.90450,-6.94130,-6.94130,-3.84150,-6.94130,5.26770,0.3301,0.2992
2013-03-31,1.31700,0.80400,0.51310,,0.56660,,0.56660,-0.05350,0.00140,-0.05210,0.00000,-0.05210,-0.05210,,-0.05210,-0.04790,-0.05350,0.37340,0.37340,0.00000,0.00000,2.47480,,,38.95560,-4.06380,-4.06380,-3.95890,-3.95890,0.37780,1.46790,61.31250,-2.48370,-2.48370,-1.49570,-2.48370,5.62280,-0.75400,-0.76180
2012-12-31,1.37320,0.78150,0.59170,,0.56520,,0.56520,0.02650,0.00160,0.02810,,0.02810,0.02810,,0.02810,0.03330,0.02650,0.37330,0.37370,0.36050,0.36050,2.44110,,,43.09120,1.93090,1.93090,2.04680,2.04680,0.38100,1.86060,48.37180,1.30850,1.30850,0.77980,1.30850,5.75310,0.8582,0.8316
2012-09-30,1.73580,1.16590,0.56980,,0.52810,,0.52810,0.04180,0.00160,0.04340,0.00000,0.04340,0.04340,,0.04340,0.04950,0.04180,0.37340,0.37380,0.00000,0.00000,2.54850,,,32.82900,2.40680,2.40680,2.50160,2.50160,0.50230,1.85430,48.53670,2.05010,2.05010,1.25660,2.05010,5.67290,0.098,0.0854
2012-06-30,2.43460,1.71790,0.71670,,0.66690,,0.66680,0.04990,0.00160,0.05140,,0.05140,0.05140,,0.05140,0.05630,0.04990,0.37330,0.37370,0.00000,0.00000,2.14980,,,29.43940,2.04870,2.04870,2.11300,2.11300,0.63480,2.30300,39.07900,2.48190,2.48190,1.34130,2.48190,5.55170,-0.3397,-0.3708
2012-03-31,1.51400,0.98130,0.53270,,0.55670,,0.55670,-0.02400,0.00150,-0.02260,,-0.02260,-0.02260,,-0.02260,-0.01740,-0.02400,0.37320,0.37320,-0.06040,-0.06040,2.14870,,,35.18430,-1.58790,-1.58790,-1.48940,-1.48940,0.40480,2.15420,41.77870,-1.11680,-1.11680,-0.60300,-1.11680,5.41060,3.03210,3.03210
2011-12-31,3.11400,2.48100,0.63300,0.00000,0.59500,,0.59500,0.03800,0.00140,0.05490,0.00280,0.05210,0.05300,0.00000,0.05300,0.03420,0.03800,0.37320,0.37320,,0.00000,1.66860,,,20.87350,1.22030,1.22030,1.76300,1.70200,0.62090,1.07760,83.51610,2.59780,2.59780,1.05670,2.59780,5.46680,-1.7196,-1.7528
2011-09-30,1.66270,0.98030,0.68240,,0.62120,,0.62120,0.06120,0.00190,0.06310,,0.06310,0.06310,,0.06310,0.06570,0.06120,0.37320,0.37440,0.30000,0.30000,1.78000,,,41.04430,3.68320,3.68320,3.79700,3.79700,0.37030,0.95560,94.18420,3.18850,3.17250,1.40610,3.18850,,-0.0627,-0.0666
2011-06-30,1.62050,1.05790,0.56260,,0.51730,,0.51730,0.04530,0.00200,0.04730,,0.04730,0.04730,,0.04730,0.04990,0.04530,0.37320,0.37370,0.12670,0.12650,2.44620,,,34.71960,2.79600,2.79600,2.91780,2.91780,0.50170,1.80050,49.98520,2.46260,2.44980,1.46380,2.46260,,0.3291,0.3126
2011-03-31,1.42370,0.86930,0.55440,,0.56570,,0.56570,-0.01120,0.00210,-0.00910,,-0.00910,-0.00910,,-0.00910,-0.00650,-0.01120,0.37320,0.37320,-0.02440,-0.02440,2.25340,,,38.94240,-0.78860,-0.78860,-0.63880,-0.63880,0.42750,1.43810,62.58180,-0.48640,-0.48640,-0.27310,-0.48640,,-0.31530,-0.31530
2010-12-31,1.20500,0.83000,0.37500,,0.47000,,0.47000,-0.09500,0.00300,-0.07000,,-0.07000,-0.07900,0.00000,-0.07900,-0.09500,-0.09500,0.37330,0.37330,-0.30000,-0.30000,2.22150,,,32.36510,-7.88380,-7.88380,-5.80910,-6.55600,0.35760,1.56490,57.51040,-4.22460,-4.20210,-2.34420,-4.20210,,-1.1494,-1.1227
2010-09-30,1.95200,1.31000,0.64200,0.00000,0.59000,,0.59000,0.05200,0.00200,0.04000,0.00000,0.04000,0.04200,0.00000,0.04200,0.05200,0.05200,0.37320,0.37410,0.00000,0.00000,1.78840,,,32.27460,2.66390,2.66390,2.04920,2.15160,0.44770,1.17590,76.53690,2.15380,2.15380,0.96330,2.15380,,-0.0812,-0.0812
2010-06-30,1.66800,1.12000,0.54800,0.00000,0.48000,,0.48000,0.06800,0.00200,0.07000,0.00000,0.07000,0.07800,0.00000,0.07800,0.07200,0.06800,0.37320,0.37380,0.30000,0.30000,2.28970,,,33.57310,4.07670,4.07670,4.19660,4.67630,0.49640,1.96240,45.86330,4.10530,4.08380,2.32140,4.08380,,1.4716,1.4583
2010-03-31,2.01500,1.21000,0.80500,0.00000,0.70000,,0.70000,0.10500,0.00200,0.10000,0.00000,0.10000,0.10400,0.00000,0.10400,0.11100,0.10500,0.37320,0.37340,0.30000,0.30000,1.77160,,,39.70220,5.21090,5.21090,4.96280,5.16130,0.48550,1.12570,79.95040,5.68310,5.68310,2.50600,5.68310,,-0.24100,-0.25440
2009-12-31,1.92400,1.33000,0.59400,0.00000,0.51000,,0.51000,0.08400,0.00200,0.09400,0.00000,0.09400,0.09800,0.00000,0.09800,0.09400,0.08400,0.37320,0.37360,0.30000,0.30000,2.16780,,,31.18500,4.36590,4.36590,4.88570,5.09360,0.61080,2.04680,43.97090,5.73100,5.69770,3.11110,5.73100,,1.4454,1.4454
2009-09-30,1.98800,1.33000,0.65800,0.00000,0.53000,,0.53000,0.12800,0.00100,0.12000,0.00000,0.12000,0.12200,0.00000,0.12200,0.13800,0.12800,0.37320,0.37360,0.30000,0.30000,2.36210,,,32.69620,6.43860,6.43860,6.03620,6.13680,0.71510,1.24250,72.43460,7.57760,7.53090,4.38850,7.53090,,-1.5792,-1.606
2009-06-30,1.40000,0.90000,0.50000,0.00000,0.50000,,0.50000,,0.00200,0.00600,0.00000,0.00600,0.00600,0.00000,0.00600,0.00200,,,,,0.00000,3.05710,,,35.71430,,,0.42860,0.42860,0.63930,1.40000,64.28570,0.40270,0.40270,0.27400,0.40270,,0,0
2009-03-31,1.39000,0.99000,0.40000,0.00000,0.46000,,0.46000,-0.06000,0.00500,-0.06000,0.00000,-0.06000,-0.06000,0.00000,-0.06000,-0.05200,-0.06000,,,,0.00000,2.52130,,,28.77700,-4.31660,-4.31660,-4.31650,-4.31650,0.57200,1.57950,56.97840,-4.02680,-4.02680,-2.46910,-4.02680,,0.00000,
