Date,revenue,cost-goods-sold,gross-profit,selling-general-administrative-expenses,other-operating-income-expenses,operating-expenses,operating-income,total-non-operating-income-expense,pre-tax-income,total-provision-income-taxes,income-after-taxes,income-from-continuous-operations,income-from-discontinued-operations,net-income,ebitda,ebit,basic-shares-outstanding,shares-outstanding,eps-basic-net-earnings-per-share,eps-earnings-per-share-diluted,current-ratio,long-term-debt-capital,debt-equity-ratio,gross-margin,operating-margin,ebit-margin,pre-tax-profit-margin,net-profit-margin,asset-turnover,inventory-turnover,receiveable-turnover,days-sales-in-receivables,roe,return-on-tangible-equity,roa,roi,book-value-per-share,operating-cash-flow-per-share,free-cash-flow-per-share
2024-09-30,0.74590,0.64900,0.09690,0.53070,-0.18200,0.71260,-0.61570,0.37700,-0.23870,,-0.23870,-0.23870,-0.18670,-0.71140,-0.38920,-0.61570,10.52120,10.52120,-0.07000,-0.07000,0.37390,,0.13750,12.99120,-82.55310,-82.55310,-32.00770,-95.38390,0.08680,,2.74290,32.81230,-8.08590,-9.39910,-2.77720,-8.08590,0.28070,0.0167,0.0174
2024-06-30,1.12240,0.80190,0.32050,0.94030,-0.17340,1.11370,-0.79320,0.02840,-0.76480,-0.00190,-0.76280,-0.76280,,-0.67340,-0.51870,-0.79320,10.51800,10.51800,-0.06000,-0.06000,0.40660,0.02940,0.17550,28.55800,-70.66770,-70.66770,-68.13550,-59.99820,0.12190,,3.28460,27.40040,-23.41260,-28.15370,-8.28480,-22.72390,0.30980,0.00160,0.00230
2024-03-31,1.91820,1.53740,0.38080,1.02000,-1.04540,2.06530,-1.68450,-0.16100,-1.84560,,-1.83650,-1.83650,,-1.38120,-1.41110,-1.68450,8.86300,8.86300,-0.14000,-0.14000,0.49620,0.03030,0.10020,19.85270,-87.81970,-87.81970,-96.21450,-72.00580,0.19450,,2.86950,31.36480,-45.30180,-50.95870,-18.62330,-43.92960,0.38540,-0.0262,-0.0332
2023-12-31,1.61840,1.20080,0.41760,1.49730,,1.49730,-1.07970,0.18580,-0.89390,,-0.89390,-0.89390,,-0.93400,-0.74310,-1.07970,9.44300,9.44300,-0.10000,-0.10000,0.93070,0.05820,0.12130,25.80110,-66.71410,-66.71410,-55.23500,-57.71080,0.13340,,0.63010,142.82860,-15.23980,-17.09320,-7.36640,-14.35280,0.61310,0.0157,-0.0061
2023-09-30,1.18310,1.00290,0.18030,0.79920,-0.55330,1.35250,-1.17230,0.08990,-1.08240,,-1.08240,-1.08240,-0.12510,-0.92600,-0.94650,-1.17230,7.79430,7.79430,-0.12000,-0.12000,0.94050,0.05940,0.11840,15.23540,-99.08020,-99.08020,-91.48560,-78.26280,0.09350,,0.53450,168.38660,-17.62010,-19.78990,-8.55070,-16.57330,0.76140,-0.0147,-0.0083
2023-06-30,2.09470,1.51280,0.58190,1.24330,-0.12710,1.37030,-0.78840,0.36710,-0.42130,,-0.42130,-0.42130,,-0.42780,-0.51860,-0.78840,7.89140,7.89140,-0.05000,-0.05000,0.91100,0.04010,0.07350,27.78140,-37.63870,-37.63870,-20.11480,-20.42420,0.15470,,1.06750,84.30880,-5.70940,-6.32460,-3.11180,-5.48030,0.92330,0.02600,-0.01590
2023-03-31,1.75860,1.21760,0.54100,1.30980,-1.01690,2.32670,-1.78570,-0.08280,-1.86850,,-1.86850,-1.86850,,-1.39180,-1.50800,-1.78570,7.19600,7.19600,-0.20000,-0.20000,0.93630,0.04500,0.08030,30.76120,-101.54310,-101.54310,-106.25180,-79.14100,0.12350,182.33470,1.06350,84.62980,-22.71040,-25.06980,-13.12310,-21.68750,1.06260,0.0451,0.0525
2022-12-31,1.74090,1.55820,0.18280,1.38560,-0.12650,1.51210,-1.32940,0.34310,-0.98630,,-0.98630,-0.98630,,-0.97130,-1.02760,-1.32940,7.68900,7.68900,-0.13000,-0.13000,0.82780,0.02810,0.07140,10.49730,-76.36050,-76.36050,-56.65220,-55.79470,0.11200,,1.99220,45.17670,-9.85680,-10.73630,-6.34720,-9.57980,1.30070,-0.0403,-0.0621
2022-09-30,2.24120,1.93240,0.30880,1.52770,-0.36630,1.89400,-1.58520,0.40540,-1.17980,,-1.17980,-1.17980,,-1.08350,-1.21930,-1.58520,7.04800,7.04800,-0.15000,-0.15000,1.00580,,0.00780,13.77910,-70.73020,-70.73020,-52.64160,-48.34410,0.14170,,3.33930,26.95180,-11.06500,-12.02990,-7.45710,-11.06500,1.38780,-0.0088,0.0498
2022-06-30,2.34180,1.88180,0.46000,1.91930,0.01880,1.90060,-1.44060,1.68450,0.24390,,0.24390,0.24390,,0.33290,-1.10630,-1.44060,6.30500,6.30500,0.05000,0.05000,1.12120,,0.02070,19.64220,-61.51670,-61.51670,10.41590,14.21360,0.12940,8.50680,2.08020,43.26520,2.01380,2.17460,1.34760,2.01380,1.91850,0.08150,0.08550
2022-03-31,1.76050,1.69840,0.06210,1.85750,-0.24390,2.10140,-2.03930,1.56560,-0.40020,0.00000,-0.40020,-0.40020,10.64670,5.13660,-1.73170,-2.03930,5.72700,5.72700,0.97000,0.97000,0.90820,0.00010,0.03590,3.52760,-115.83650,-115.83650,-22.73230,291.76800,0.08860,5.92840,1.59990,56.25200,-3.18420,-3.44740,-2.01340,-3.18380,2.03150,-0.5088,-0.4836
2021-12-31,1.66010,1.45760,0.20250,2.70190,-0.00890,2.71080,-2.50830,2.79910,0.29080,0.00450,0.28620,0.28620,-0.41840,0.15550,-2.20030,-2.50830,5.92300,5.92300,0.03000,0.03000,0.44760,-0.01440,-2.56680,12.19970,-151.09110,-151.09110,17.51520,9.36430,0.08930,6.90620,2.01880,44.58080,-14.53470,-9.84130,1.53990,-14.74420,-0.31870,-0.0064,-0.2041
2021-09-30,1.11370,1.54890,-0.43510,1.82840,-0.04850,1.87690,-2.31200,3.02330,0.71130,0.00000,0.71130,0.71130,-0.83320,0.41990,-2.01030,-2.31200,5.53900,5.53900,0.08000,0.08000,0.39940,-1.30090,-2.74830,-39.07070,-207.59560,-207.59560,63.86450,37.70480,0.06290,7.15440,1.36260,66.04820,-27.77460,-20.56230,4.01790,-63.90610,-0.46180,-0.3947,-0.3712
2021-06-30,0.37880,2.29640,-1.91770,2.64730,-0.13740,2.78470,-4.70230,-1.42760,-6.20340,,-6.20340,-6.20340,-1.16720,-6.24860,-4.50250,-4.70230,5.27320,5.27320,-1.18000,-1.18000,0.47040,-2.31580,-2.92130,-506.31550,-1241.53100,-1241.53100,-1637.84900,-1649.78200,0.01660,8.97210,0.28640,314.26810,244.20020,178.49400,-27.26480,809.70750,-0.45890,-0.68940,-1.10340
2021-03-31,-1.98700,-1.60450,-0.38250,-1.20530,-0.29520,-0.91010,0.52760,0.55650,1.08400,-0.00470,1.08880,1.09020,-5.10890,-3.11780,0.54500,0.52750,3.94300,3.94300,-0.63000,-0.63000,0.64920,0.07840,0.22430,19.25070,-26.54980,-26.54980,-54.55550,156.90900,-0.08910,-12.54180,-3.95800,-22.73900,42.37640,74.20860,4.88790,39.05270,0.51680,-0.5905,-1.1266
2020-12-31,1.63860,1.79380,-0.15530,2.40130,0.14590,2.25530,-2.41060,-1.25580,-3.66640,0.00750,-3.67390,-3.67390,-0.00060,-3.08100,-2.38300,-2.41060,4.38220,4.38220,-0.70000,-0.70000,0.62190,0.79320,11.31110,-9.47580,-147.11730,-147.11730,-223.75910,-188.03280,0.08660,4.18620,1.32700,67.82300,-496.63600,953.76620,-19.42050,-102.72170,0.16740,-0.0649,-0.1053
2020-09-30,1.39040,0.99450,0.39590,2.74920,-0.03270,2.78190,-2.38600,-0.22040,-2.60650,-0.00070,-2.60580,-2.60720,0.00790,-2.18070,-2.31660,-2.38600,3.78030,3.78030,-0.60000,-0.60000,0.73800,0.52870,3.03040,28.47250,-171.60660,-171.60660,-187.46170,-156.84340,0.06950,1.22360,1.44280,62.37690,-93.70130,-127.46390,-13.03710,-44.16040,0.64170,-0.3314,-0.3349
2020-06-30,1.14690,0.80030,0.34670,1.96040,-0.12860,2.08900,-1.74240,-0.53590,-2.27830,0.00630,-2.28450,-2.28450,-0.08570,-1.98050,-1.66350,-1.74240,2.90090,2.90090,-0.70000,-0.70000,0.47150,-0.44390,-0.84510,30.22540,-151.91850,-151.91850,-198.64210,-172.67920,0.07240,0.72900,1.37340,65.52860,257.81570,139.04790,-14.41920,372.26300,-0.30550,-0.01140,-0.01310
2020-03-31,2.01210,1.64730,0.36480,2.24350,-3.24810,5.49160,-5.12680,-0.09510,-5.22190,0.00020,-5.22210,-5.22210,0.01230,-3.85810,-5.10640,-5.12680,2.80230,2.80230,-1.40000,-1.40000,0.59340,0.64200,4.30670,18.13030,-254.79170,-254.79170,-259.51790,-191.73810,0.12870,1.64620,2.92840,30.73310,-354.67670,-751.66870,-33.40930,-126.97610,0.50760,0.1291,0.0962
2019-12-31,2.74560,1.90140,0.84420,1.24020,-0.09900,1.33920,-0.49510,-0.54030,-1.03530,-0.07260,-0.96270,-0.96270,-4.39920,-5.32720,-0.46270,-0.49510,2.88250,2.88250,-1.80000,-1.80000,1.38580,0.00650,0.03950,30.74670,-18.03130,-18.03130,-37.70960,-194.02710,0.18660,1.24590,1.29660,69.40980,-15.02870,-15.03200,-6.54410,-14.93150,2.22110,-0.2822,-0.2899
2019-09-30,5.88530,4.70920,1.17610,1.13780,-0.11550,1.25330,-0.07720,1.94400,1.86680,0.00450,1.86240,1.86240,-0.72100,1.09030,-0.04940,-0.07720,2.82370,2.82370,0.30000,0.30000,3.17210,0.04330,0.09120,19.98380,-1.31130,-1.31130,31.72020,18.52510,0.37620,2.14500,3.65840,24.60060,16.17750,16.22450,11.90370,15.47700,4.01240,-0.7076,-0.7002
2019-06-30,5.01260,4.02230,0.99030,0.87540,-0.01270,0.88820,0.10210,-0.02730,0.07480,0.10110,-0.02630,-0.02630,-0.47910,-0.57840,0.12480,0.10210,2.61210,2.61210,-0.20000,-0.20000,1.70200,0.02830,0.09190,19.75540,2.03650,2.03650,1.49250,-11.53820,0.28070,1.58610,1.92790,46.68290,-0.29990,-0.31100,-0.14750,-0.29140,3.16680,-1.44010,-1.58370
2019-03-31,2.23580,,2.23580,-0.50790,,,1.09960,-0.10650,0.99310,,0.97120,0.97120,-3.02510,-2.05820,1.11090,1.09960,2.58820,2.58820,-0.80000,-0.80000,3.03690,0.02080,0.10420,18.94820,49.18090,49.18090,44.41870,-92.05350,0.18160,,2.37750,37.85460,11.58600,11.58830,7.88710,11.34540,3.23100,-1.4664,-1.4666
2018-12-31,0.11870,,0.11870,0.52990,,,-0.41120,0.00450,-0.40660,,-0.40660,-0.40660,-0.36170,-0.77130,-0.58820,-0.41120,2.58790,2.58790,-0.30000,-0.30000,3.31380,0.02160,0.04290,100.00000,-346.29510,-346.29510,-342.46650,-649.62020,0.00840,,0.15730,572.28410,-3.94670,-4.64920,-2.86310,-3.86120,3.98130,-0.3396,-0.3294
2018-09-30,0.07150,,0.07150,0.78250,,,-0.79770,0.00770,-0.79000,,-0.79000,-0.79000,,-0.79000,-0.70790,-0.79770,2.58790,2.58790,-0.30000,-0.30000,7.30690,,,100.00000,-1115.58700,-1115.58700,-1104.77900,-1104.77900,0.00570,,1.85190,48.59960,-7.14830,-8.41910,-6.35070,-7.14830,4.27050,-0.2565,-0.2624
2018-06-30,0.12500,,0.12500,0.97230,,,-0.93350,0.00320,-0.93040,,-0.93040,-0.93040,,-0.93040,-0.84540,-0.93350,2.58790,2.58790,-0.40000,-0.40000,7.12100,,,100.00000,-746.67670,-746.67670,-744.13640,-744.13640,0.00940,,2.88580,31.18680,-7.81850,-9.18610,-6.96860,-7.81850,4.59820,-0.35470,-0.35930
2018-03-31,0.17500,,0.17500,8.75700,,,-8.77200,0.00100,-8.75900,0.00000,-8.75900,-8.75900,0.00000,-8.75900,-8.60280,-8.77200,2.19680,2.19680,-4.00000,-4.00000,7.49760,,,97.14290,-5012.57100,-5012.57100,-5005.14300,-5005.14300,0.01220,,,,-68.01170,-80.17060,-60.93610,-68.01170,4.97650,-0.1831,-0.1843
2017-12-31,0.15250,,0.15250,0.28860,,,-0.30130,0.00010,-0.30120,,-0.30120,-0.30120,,-0.30120,-0.13510,-0.30130,2.25000,2.25000,-0.10000,-0.10000,,,,100.00000,-197.51670,-197.51670,-197.47010,-197.47010,,,,,,,,,,-0.0417,-0.0417
2017-09-30,0.11720,,0.11720,0.37940,,,-0.42600,0.00080,-0.42520,,-0.42520,-0.42520,,-0.42520,-0.26130,-0.42600,2.22370,2.22370,-0.20000,-0.20000,,,,100.00000,-363.57280,-363.57280,-362.90880,-362.90880,,,,,,,,,,-0.0495,-0.0495
2017-06-30,0.06580,,0.06580,0.29230,,,-0.38580,0.00110,-0.38470,,-0.38470,-0.38470,,-0.38470,-0.22580,-0.38580,2.02500,2.02500,-0.20000,-0.20000,,,,100.00000,-586.36610,-586.36610,-584.73680,-584.73680,,,,,,,,,,-0.09440,-0.09460
2017-03-31,,,,,,,,,,,,,,,,,,,,0.00000,,,,,,,,,,,,,,,,,,0,0
