Date,revenue,cost-goods-sold,gross-profit,research-development-expenses,selling-general-administrative-expenses,operating-expenses,operating-income,total-non-operating-income-expense,pre-tax-income,income-after-taxes,income-from-continuous-operations,net-income,ebitda,ebit,basic-shares-outstanding,shares-outstanding,eps-basic-net-earnings-per-share,eps-earnings-per-share-diluted,current-ratio,long-term-debt-capital,debt-equity-ratio,gross-margin,operating-margin,ebit-margin,pre-tax-profit-margin,net-profit-margin,asset-turnover,inventory-turnover,receiveable-turnover,days-sales-in-receivables,roe,return-on-tangible-equity,roa,roi,book-value-per-share,operating-cash-flow-per-share,free-cash-flow-per-share
2024-09-30,2.83450,1.48660,1.34790,0.57240,1.86420,2.43670,-1.08870,-0.10090,-1.18970,-1.18970,-1.18970,-1.18970,-0.72540,-1.08870,10.00360,10.00360,-0.12000,-0.12000,4.91020,0.01520,0.05820,47.55420,-38.41010,-38.41010,-41.97140,-41.97140,0.10290,0.19690,2.22150,40.51270,-5.83850,-9.28850,-4.31880,-5.74970,1.83710,-0.1661,-0.1674
2024-06-30,2.52740,1.47040,1.05710,0.46010,2.16510,2.62510,-1.56810,-0.00820,-1.57630,-1.57630,-1.57630,-1.57630,-1.30300,-1.56810,9.71820,9.71820,-0.16000,-0.16000,7.03990,0.00120,0.00370,41.82440,-62.04260,-62.04260,-62.36640,-62.36640,0.09950,0.19520,2.21890,40.56070,-7.62080,-12.05320,-6.20280,-7.61210,2.12800,-0.1358,-0.137
2024-03-31,2.29330,1.41070,0.88260,0.27680,2.03370,2.31050,-1.42790,-3.22730,-4.65520,-4.65520,-4.65520,-4.65520,-1.16380,-1.42790,9.71570,9.71570,-0.48000,-0.48000,8.20490,0.00130,0.00490,38.48680,-62.26190,-62.26190,-202.98690,-202.98690,0.08540,0.19470,1.75140,51.38640,-21.00400,-32.06110,-17.32540,-20.97730,2.28090,-0.11080,-0.11100
2023-12-31,4.01190,1.95680,2.05510,0.86960,1.70850,2.57810,-0.52310,0.02410,-0.49900,-0.52300,-0.52300,-0.52300,-0.21770,-0.52310,9.65940,9.65940,-0.06000,-0.06000,11.43710,0.00120,0.00490,51.22560,-13.03810,-13.03810,-12.43810,-13.03640,0.12770,0.29930,1.57780,57.04160,-1.96030,-2.75280,-1.66520,-1.95790,2.74620,-0.1765,-0.1809
2023-09-30,3.38720,1.90440,1.48280,0.42560,1.98450,2.41000,-0.92720,0.03950,-0.88770,-0.88770,-0.88770,-0.88770,-0.66610,-0.92720,9.66200,9.66200,-0.09000,-0.09000,8.29770,0.00140,0.00630,43.77640,-27.37520,-27.37520,-26.20800,-26.20800,0.10380,0.28820,1.84120,48.88100,-3.27640,-4.58170,-2.72140,-3.27200,2.79690,-0.0524,-0.0682
2023-06-30,4.07320,2.15200,1.92120,0.69790,1.73140,2.42930,-0.50810,0.03530,-0.47280,-0.47280,-0.47280,-0.47280,-0.26280,-0.50810,9.63830,9.63830,-0.05000,-0.05000,6.65420,0.00280,0.00760,47.16670,-12.47440,-12.47440,-11.60650,-11.60650,0.11880,0.31180,1.63460,55.06090,-1.69860,-2.35490,-1.37840,-1.69390,2.88710,-0.0627,-0.1379
2023-03-31,4.11230,2.29580,1.81650,0.34870,2.08690,2.43560,-0.61910,0.03710,-0.58200,-0.58200,-0.58200,-0.58200,-0.35460,-0.61910,9.63570,9.63570,-0.06000,-0.06000,9.85400,0.00380,0.00930,44.17310,-15.05510,-15.05510,-14.15180,-14.15180,0.12110,0.34940,2.21390,40.65290,-2.06080,-2.84640,-1.71380,-2.05290,2.93030,-0.06770,-0.07310
2022-12-31,4.27530,2.37260,1.90260,0.21240,1.65420,1.98680,-0.08410,-0.80400,-0.88810,-0.88810,-0.88810,-0.88810,0.32020,-0.08410,9.60920,9.60920,-0.09040,-0.09040,5.51910,0.00480,0.01100,44.50310,-1.96820,-1.96830,-20.77310,-20.77310,0.11660,0.35780,2.37280,37.92950,-3.08850,-4.24430,-2.42130,-3.07360,2.98450,0.0048,-0.0001
2022-09-30,5.43570,2.77470,2.66090,0.22250,1.85230,2.07490,0.58600,-0.00910,0.57690,0.57690,0.57690,0.57690,0.88760,0.58600,9.63070,9.71280,0.06000,0.06000,9.22310,0.00600,0.01260,48.95300,10.78110,10.78110,10.61360,10.61360,0.14490,0.44370,2.03280,44.27490,1.94960,2.67060,1.53810,1.93790,3.07220,-0.0295,-0.0749
2022-06-30,4.58400,2.54630,2.03770,0.17580,2.22180,2.39760,-0.35990,-0.00960,-0.36950,-0.36950,-0.36950,-0.36950,-0.13230,-0.35990,9.58970,9.58970,-0.04000,-0.04000,7.70870,0.01720,0.02960,44.45250,-7.85120,-7.85120,-8.06140,-8.06140,0.12100,0.44650,1.80890,49.75530,-1.27650,-1.76610,-0.97510,-1.25450,3.00620,-0.1396,-0.1571
2022-03-31,5.09950,2.77590,2.32360,0.41330,1.90130,2.31460,0.00900,-0.00540,0.00360,0.00360,0.00360,0.00360,0.19560,0.00900,9.58210,9.58210,0.00040,0.00040,8.08270,0.00720,0.01440,45.56500,0.17620,0.17620,0.07110,0.07110,0.14890,0.59930,2.25050,39.99090,0.01250,0.01720,0.01060,0.01240,3.03510,-0.19220,-0.20090
2021-12-31,2.72150,2.14200,0.57940,1.75370,1.84190,3.59570,-3.01620,0.20290,-2.81330,-2.81330,-2.81330,-2.81330,-2.92850,-3.01620,8.90080,8.90080,-0.26000,-0.26000,6.36450,0.00750,0.01310,21.29080,-110.83060,-110.83060,-103.37620,-103.37620,0.07730,0.51090,1.46230,61.54740,-9.69000,-13.44010,-7.98630,-9.61780,3.03000,0.022,0.004
2021-09-30,1.05660,0.74300,0.31360,0.01680,0.83360,0.85030,-0.53670,-0.05610,-0.59280,-0.59280,-0.59280,-0.59280,-0.45740,-0.53670,9.34370,9.34370,-0.06000,-0.06000,35.63730,0.00840,0.01410,29.68150,-50.79670,-50.79670,-56.10900,-56.10900,0.03310,0.78330,2.15750,41.71530,-1.93680,-1.98350,-1.85870,-1.92040,3.27590,-0.0863,-0.1411
2021-06-30,1.02440,0.67980,0.34460,0.05570,0.98780,1.04350,-0.69890,0.22620,-0.47270,-0.47270,-0.47270,-0.47270,-0.63090,-0.69890,8.86350,8.86350,-0.05000,-0.05000,41.52400,0.00970,0.01510,33.64110,-68.22730,-68.22730,-46.14310,-46.14310,0.03160,0.84320,1.70540,52.77290,-1.51620,-1.55260,-1.45720,-1.50150,3.33660,-0.0645,-0.1085
2021-03-31,0.47300,0.41800,0.05500,0.00720,0.90130,0.90850,-0.85360,-0.02640,-0.87990,-0.87990,-0.87990,-0.87990,-0.68990,-0.85360,5.56840,5.56840,-0.16000,-0.16000,13.60340,0.11990,0.16030,11.62450,-180.46930,-180.46930,-186.04210,-186.04210,0.03740,0.52890,1.12220,80.19670,-8.62970,-9.30720,-6.95070,-7.59500,1.54960,-0.11830,-0.12100
2020-12-31,0.89000,0.62200,0.26800,0.00000,0.65200,0.65200,-0.38400,-0.03110,-0.47700,-0.47700,-0.47700,-0.47700,-0.29480,-0.38400,2.78230,2.78230,-0.15000,-0.14000,2.13320,0.76700,4.28680,30.22470,-43.14610,-43.14610,-53.59550,-53.59550,0.31660,1.20230,2.49260,36.10670,-108.33970,152.85380,-16.96600,-25.23790,0.09100,-0.0743,-0.0975
2020-09-30,1.15070,0.63050,0.52020,,0.47520,0.47520,0.04500,-0.02800,0.01700,0.01700,0.01700,0.01700,0.10300,0.04500,2.54820,4.55320,0.01000,0.00000,,,,45.21000,3.91040,3.91040,1.47820,1.47820,,,,,,,,,,-0.0053,-0.004
2020-06-30,0.66070,0.43470,0.22600,,0.44250,0.44250,-0.21650,-0.02680,-0.24330,-0.24330,-0.24330,-0.24330,-0.15620,-0.21650,2.47680,2.47680,-0.10000,-0.10000,,,,34.20440,-32.76360,-32.76360,-36.81980,-36.81980,,,,,,,,,,-0.0769,-0.0775
2020-03-31,0.75590,0.51660,0.23930,,0.53860,0.53860,-0.29920,-0.02370,-0.32300,-0.32300,-0.32300,-0.32300,-0.21270,-0.29920,2.47680,2.47680,-0.13000,-0.13000,,,,31.65750,-39.58570,-39.58570,-42.72270,-42.72270,,,,,,,,,,-0.03080,-0.03400
2019-12-31,,,,,,,,,,,,,,,,,,0.00000,,,,,,,,,,,,,,,,,,0,0
