Date,revenue,cost-goods-sold,gross-profit,research-development-expenses,selling-general-administrative-expenses,operating-expenses,operating-income,total-non-operating-income-expense,pre-tax-income,total-provision-income-taxes,income-after-taxes,income-from-continuous-operations,net-income,ebitda,ebit,basic-shares-outstanding,shares-outstanding,eps-basic-net-earnings-per-share,eps-earnings-per-share-diluted,current-ratio,gross-margin,operating-margin,ebit-margin,pre-tax-profit-margin,net-profit-margin,asset-turnover,inventory-turnover,receiveable-turnover,days-sales-in-receivables,roe,return-on-tangible-equity,roa,roi,book-value-per-share,operating-cash-flow-per-share,free-cash-flow-per-share
2024-09-30,61.04600,38.35200,22.69400,19.79700,41.95400,70.06400,-47.37000,3.88200,-43.48800,-0.14900,-43.33900,-44.04100,-43.46400,-38.23400,-47.37000,15.13500,15.13500,-2.87000,-2.87000,2.92110,37.17520,-77.59720,-77.59720,-71.23810,-71.19880,0.12640,8.05550,0.68390,131.60170,-12.58130,-18.26100,-9.11850,-12.58140,24.26860,-2.0439,-2.3473
2024-06-30,62.79000,39.29400,23.49600,20.80600,46.85000,75.87200,-52.37600,2.66800,-49.70800,0.09700,-49.80500,-50.57900,-49.92000,-43.55900,-52.37600,14.87600,14.87600,-3.36000,-3.36000,3.20760,37.42000,-83.41450,-83.41450,-79.16550,-79.50310,0.12360,7.05080,0.82530,109.05780,-13.38530,-18.96860,-9.96000,-13.38530,25.26540,-1.3867,-1.7311
2024-03-31,59.52200,41.15300,18.36900,26.68000,58.48300,93.40100,-75.03200,3.78400,-71.24800,1.27500,-72.52300,-73.44900,-72.10500,-66.12600,-75.03200,14.59170,14.59170,-5.00000,-5.00000,3.82010,30.86090,-126.05760,-126.05760,-119.70030,-121.14010,0.10850,6.25620,0.73750,122.03570,-17.34920,-23.76840,-13.39370,-17.34920,28.59520,-4.09520,-4.29350
2023-12-31,70.67700,46.83400,23.84300,26.34700,46.18600,80.79800,-56.95500,8.17200,-48.78300,0.54700,-49.33000,-50.04300,-48.58700,-47.90000,-56.95500,14.21290,14.21290,-3.13000,-3.13000,4.79310,33.73520,-80.58490,-80.58490,-69.02240,-68.74510,0.11990,7.04060,1.30530,68.94940,-10.42160,-13.90320,-8.48610,-10.42160,33.29080,-2.9685,-3.0667
2023-09-30,61.92200,40.45700,21.46500,27.71500,49.95000,164.82500,-143.36000,7.97800,-135.38200,1.12200,-136.50400,-137.10400,-136.41400,-55.57400,-143.36000,14.29500,14.29500,-9.54000,-9.54000,4.95380,34.66460,-231.51710,-231.51710,-218.63310,-220.29970,0.09750,5.16560,1.32560,67.89460,-26.38160,-34.81500,-21.59120,-26.38160,36.21790,-2.6128,-2.6079
2023-06-30,62.44700,38.24400,24.20300,25.84200,57.87300,118.70900,-94.50600,2.33200,-92.17400,0.71600,-92.89000,-93.51500,-92.47500,-58.79700,-94.50600,14.16300,14.16300,-6.53000,-6.53000,4.85670,38.75770,-151.33800,-151.33800,-147.60360,-148.08560,0.08090,4.48240,1.29030,69.75370,-14.52800,-21.78240,-12.11060,-14.52800,45.32660,-2.7738,-3.2697
2023-03-31,64.00100,38.75200,25.24900,25.92300,59.09600,422.57100,-397.32200,0.94000,-396.38200,1.47500,-397.85700,-398.50900,-397.68800,-59.18800,-397.32200,13.99840,13.99840,-28.40000,-28.40000,5.08910,39.45100,-620.80600,-620.80600,-619.33720,-621.37770,0.07530,4.59260,1.14550,78.56740,-55.79200,-84.39980,-46.85560,-55.79200,50.89100,-2.08220,-2.56580
2022-12-31,79.23300,45.65300,33.58000,27.68500,64.30400,98.42300,-64.84300,4.01400,-60.82900,-0.16000,-60.66900,-61.59200,-61.16300,-57.66200,-64.84300,13.71250,13.71250,-4.60000,-4.60000,5.49390,42.38140,-81.83840,-81.83830,-76.77230,-77.19380,0.06510,5.22520,1.35740,66.30420,-5.68270,-11.99240,-5.05870,-5.68270,78.21710,-2.7505,-3.5122
2022-09-30,69.20900,41.50700,27.70200,36.25400,56.17500,98.82600,-71.12400,1.23700,-69.88700,0.09500,-69.98200,-70.57500,-70.08400,-64.10100,-71.12400,13.86950,13.86950,-5.00000,-5.00000,6.25170,40.02660,-102.76700,-102.76700,-100.97960,-101.26430,0.05620,5.20860,1.51340,59.46770,-6.38780,-12.77700,-5.72950,-6.38780,80.28000,-3.5624,-3.5583
2022-06-30,64.51600,36.49700,28.01900,37.06700,53.63200,97.42300,-69.40400,0.76400,-68.64000,0.46100,-69.10100,-69.65200,-69.14500,-62.25900,-69.40400,13.66610,13.66610,-5.00000,-5.00000,6.07650,43.42950,-107.57640,-107.57640,-106.39220,-107.17500,0.04970,4.60760,1.44410,62.32180,-5.99990,-11.79310,-5.36410,-5.99990,84.94070,-3.0714,-3.0705
2022-03-31,64.23200,36.76500,27.46700,37.48100,53.87000,97.94900,-70.48200,0.10800,-70.37400,-0.33200,-70.04200,-70.25300,-70.03700,-63.36000,-70.48200,13.40010,13.40010,-5.20000,-5.20000,5.84790,42.76220,-109.73030,-109.73030,-109.56220,-109.03760,0.04720,4.58130,1.36240,66.05960,-5.81190,-11.28120,-5.15880,-5.81190,90.99170,-4.64110,-4.64620
2021-12-31,72.75000,43.69600,29.05400,33.77700,35.94100,76.47700,-47.42300,0.21700,-47.20600,-0.33400,-46.87200,-47.90900,-47.79300,-39.74500,-47.42300,12.70350,12.70350,-3.60000,-3.60000,5.84140,39.93680,-65.18620,-65.18620,-64.88800,-65.69480,0.05030,5.80290,1.41610,63.55670,-3.79970,-7.19670,-3.31360,-3.79970,96.29740,-3.6313,-3.6581
2021-09-30,62.22300,35.18400,27.03900,27.39900,50.75000,82.48900,-55.45000,-0.38200,-55.83200,-5.45400,-50.37800,-50.93200,-51.49400,-50.40300,-55.45000,12.86420,12.86420,-4.00000,-4.00000,6.72340,43.45500,-89.11500,-89.11500,-89.72890,-82.75720,0.04190,3.86640,1.56140,57.64090,-3.92490,-7.34070,-3.43120,-3.92490,100.06450,-2.1054,-2.0999
2021-06-30,60.21700,33.88900,26.32800,22.37800,39.00100,63.86300,-37.53500,0.22400,-37.31100,0.10300,-37.41400,-38.13600,-37.85900,-34.47700,-37.53500,12.46840,12.46840,-3.00000,-3.00000,11.34610,43.72190,-62.33290,-62.33290,-61.96090,-62.87100,0.04660,3.79540,1.69420,53.12390,-3.19760,-4.02660,-2.95100,-3.19760,98.51750,-2.0266,-2.0371
2021-03-31,57.59900,35.70500,21.89400,23.04000,35.08600,60.63200,-38.73800,0.06100,-38.67700,0.30900,-38.98600,-39.80500,-39.18800,-35.72400,-38.73800,12.17730,12.17730,-3.20000,-3.20000,10.79490,38.01110,-67.25470,-67.25470,-67.14870,-68.03590,0.04360,3.81220,1.52870,58.87450,-3.27510,-4.11250,-3.01060,-3.27510,101.48000,-3.37830,-3.39050
2020-12-31,60.43200,37.82100,22.61100,26.56400,42.82600,72.17200,-49.56100,0.22200,-49.33900,0.30900,-49.64800,-50.58600,-50.31200,-45.87900,-49.56100,4.95220,4.95220,24.40000,24.40000,9.20210,37.41560,-82.01120,-82.01120,-81.64380,-83.25390,0.04390,4.14340,1.33420,67.45830,-4.05920,-5.07490,-3.67460,-4.05920,105.78790,2.9646,3.2468
2020-09-30,62.55100,42.11600,20.43500,25.27500,56.87100,84.72200,-64.28700,0.25500,-64.03200,0.07800,-64.11000,-64.59600,-63.08100,-61.41800,-64.28700,3.42500,3.42500,-18.40000,-18.40000,10.72670,32.66930,-102.77530,-102.77530,-102.36770,-100.84730,0.04420,5.41680,1.56530,57.49840,-4.98130,-6.18050,-4.56820,-4.98130,110.72250,0.9201,1.0276
2020-06-30,68.56800,43.82600,24.74200,17.63700,92.42800,112.57400,-87.83200,0.30800,-87.52400,0.25200,-87.77600,-88.22000,-86.65800,-84.69300,-87.83200,2.17420,2.17420,-39.80000,-39.80000,,36.08390,-128.09470,-128.09470,-127.64560,-126.38260,,,,,,,,,,-11.4503,-11.9183
2020-03-31,53.71400,33.02700,20.68700,14.93600,29.21600,46.43800,-25.75100,0.84700,-24.90400,0.00000,-24.90400,-25.22400,-24.38100,-23.02600,-25.75100,2.11920,2.11920,-11.60000,-11.60000,,38.51320,-47.94090,-47.94090,-46.36410,-45.39040,,,,,,,,,,-15.14430,-15.73600
2019-12-31,,,,,,,,,,,,,,,,,,,0.00000,,,,,,,,,,,,,,,,31.7714,32.295
2019-09-30,34.74400,19.06000,15.68400,13.60200,25.96300,41.43300,-25.74900,1.28600,-24.46300,-0.39200,-24.07100,-24.07100,-24.01500,-25.74900,-25.74900,2.09670,2.09670,-11.40000,-11.40000,,45.14160,-74.11060,-74.11060,-70.40930,-69.11990,,,,,,,,,,-31.7714,-32.295
2018-12-31,,,,,,,,,,,,,,,,,,,0.00000,,,,,,,,,,,,,,,,0,0
