Date,revenue,gross-profit,research-development-expenses,selling-general-administrative-expenses,operating-income,total-non-operating-income-expense,pre-tax-income,total-provision-income-taxes,income-after-taxes,income-from-continuous-operations,net-income,ebitda,ebit,basic-shares-outstanding,shares-outstanding,eps-basic-net-earnings-per-share,eps-earnings-per-share-diluted,current-ratio,long-term-debt-capital,debt-equity-ratio,gross-margin,operating-margin,ebit-margin,pre-tax-profit-margin,net-profit-margin,asset-turnover,receiveable-turnover,days-sales-in-receivables,roe,return-on-tangible-equity,roa,roi,book-value-per-share,operating-cash-flow-per-share,free-cash-flow-per-share
2024-09-30,30.01700,30.01700,42.21200,10.56200,-22.75700,-10.09400,-32.85100,,-32.85100,-32.85100,-32.85100,-24.72700,-22.75700,28.89300,28.89300,-1.14000,-1.14000,10.22520,,,100.00000,-75.81370,-75.81370,-109.44130,-109.44130,0.06080,2.46140,36.56430,-38.93820,-38.93820,-6.65780,-38.93820,2.77260,-0.2353,-0.2364
2024-06-30,10.97100,10.97100,41.99700,9.29500,-40.32100,-6.33000,-46.65100,0.00900,-46.66000,-46.66000,-46.66000,-42.20300,-40.32100,27.35600,27.35600,-1.71000,-1.71000,9.08830,,,100.00000,-367.52350,-367.52350,-425.22110,-425.30310,0.02570,1.21810,73.88840,-472.31760,-472.31510,-10.91780,-472.31500,0.36010,-0.7512,-0.7524
2024-03-31,7.17900,7.17900,37.04200,12.33800,-42.20100,-1.73500,-43.93600,,-43.93600,-43.93600,-43.93600,-44.56400,-42.20100,26.80100,26.80100,-1.64000,-1.64000,11.53080,,,100.00000,-587.83950,-587.83950,-612.00730,-612.00730,0.01770,1.01270,88.87170,-91.95870,-91.95870,-10.82610,-91.95860,1.74900,-1.39000,-1.39100
2023-12-31,9.00500,9.00500,33.52500,10.27600,-42.13500,-0.08000,-42.21500,,-42.21100,-42.21100,-42.21100,-44.68500,-42.13500,26.92400,26.92400,-1.59000,-1.59000,10.86570,,,100.00000,-467.90680,-467.90680,-468.79510,-468.75070,0.01990,1.31440,68.47200,-47.91100,-47.91100,-9.33070,-47.91100,3.31250,-1.2301,-1.2402
2023-09-30,3.31800,3.31800,30.87800,10.17200,-37.73200,0.42400,-37.30800,,-37.30800,-37.30800,-37.30800,-40.13300,-37.73200,26.54600,26.54600,-1.41000,-1.41000,10.92450,,,100.00000,-1137.19100,-1137.19100,-1124.41200,-1124.41200,0.00680,1.01500,88.67090,-30.99110,-30.99110,-7.65570,-30.99110,4.52990,-1.3798,-1.386
2023-06-30,3.46000,3.46000,32.92300,10.68000,-40.14300,0.29800,-39.84500,,-39.84500,-39.84500,-39.84500,-41.73900,-40.14300,26.62900,26.62900,-1.50000,-1.50000,10.53390,,,100.00000,-1160.20200,-1160.20200,-1151.59000,-1151.59000,0.00670,1.08740,82.76880,-26.84070,-26.84070,-7.70550,-26.84070,5.59530,-0.9979,-1.0053
2023-03-31,1.37400,1.37400,34.95700,10.81800,-44.40100,0.14600,-44.25500,,-44.25500,-44.25500,-44.25500,-45.99900,-44.40100,27.95300,27.95300,-1.58000,-1.58000,12.21270,,,100.00000,-3231.51400,-3231.51400,-3220.88800,-3220.88800,0.00250,0.90220,99.75980,-23.15890,-23.15890,-8.02020,-23.15890,7.04930,-0.87890,-0.88520
2022-12-31,6.80800,6.80800,23.37400,9.40700,-25.97300,-0.41600,-26.38900,,-26.41300,-26.41300,-26.41300,-27.09000,-25.97300,28.16500,28.16500,-0.93000,-0.93000,17.16450,,,100.00000,-381.50700,-381.50700,-387.61750,-387.97000,0.01120,4.79770,18.75880,-10.07730,-10.07730,-4.32730,-10.07730,9.19240,-0.3891,-0.3954
2022-09-30,1.29300,1.29300,22.06400,8.86200,-29.63300,-3.86900,-33.50200,,-33.50200,-33.50200,-33.50200,-29.83200,-29.63300,28.28900,28.28900,-1.18000,-1.18000,21.38560,,,100.00000,-2291.80200,-2291.80200,-2591.02900,-2591.02900,0.00210,1.09580,82.13460,-12.06760,-12.06760,-5.41660,-12.06760,9.79120,-0.6226,-0.6243
2022-06-30,1.21600,1.21600,20.84400,8.17100,-27.79900,-4.75500,-32.55400,,-32.55400,-32.55400,-32.55400,-27.38900,-27.79900,28.20400,28.20400,-1.15000,-1.15000,22.78740,,,100.00000,-2286.10200,-2286.10200,-2677.13800,-2677.13800,0.00200,1.17720,76.45560,-10.69780,-10.69780,-5.39110,-10.69780,10.77910,-0.8429,-0.8456
2022-03-31,0.97000,0.97000,22.51600,10.20300,-31.74900,-4.50600,-36.25500,,-36.25500,-36.25500,-36.25500,-31.01500,-31.74900,27.71300,27.71300,-1.31000,-1.31000,25.90420,,,100.00000,-3273.09300,-3273.09300,-3737.62900,-3737.62900,0.00160,1.05320,85.45360,-10.96160,-10.96140,-5.79920,-10.96160,11.73780,-0.75830,-0.76030
2021-12-31,1.01100,1.01100,26.77600,5.39200,-31.15700,-1.38100,-32.53800,,-32.53800,-32.53800,-32.53800,-30.67200,-31.15700,27.43100,27.43100,-1.19000,-1.19000,34.40440,,,100.00000,-3081.80100,-3081.80100,-3218.39900,-3218.39900,0.00160,1.15410,77.98220,-9.12890,-9.12890,-5.05980,-9.12890,12.89210,-0.9225,-0.923
2021-09-30,20.89000,20.89000,22.22100,5.43200,-6.76300,0.09700,-6.66600,,-6.66600,-6.66600,-6.66600,-5.99400,-6.76300,27.43600,27.43600,-0.24000,-0.24000,18.50950,,,100.00000,-32.37440,-32.37440,-31.91000,-31.91000,0.04920,27.45070,3.27860,-1.73770,-1.73770,-1.57090,-1.73770,13.97280,-0.2545,-0.2602
2021-06-30,30.02700,30.02700,25.31400,5.24600,-0.53300,0.10400,-0.42900,,-0.42900,-0.42900,-0.42900,0.37800,-0.53300,27.39100,27.39100,-0.02000,-0.02000,19.30840,,,100.00000,-1.77510,-1.77510,-1.42870,-1.42870,0.07040,46.77100,1.92430,-0.11120,-0.11120,-0.10060,-0.11120,14.06080,0.3511,0.3196
2021-03-31,11.24700,11.24700,24.18500,5.42300,-18.36100,0.19800,-18.16300,,-18.16300,-18.16300,-18.16300,-17.94300,-18.36100,27.36100,27.36100,-0.66000,-0.66000,26.74480,,,100.00000,-163.25240,-163.25240,-161.49200,-161.49200,0.02840,9.01920,9.97870,-4.75540,-4.75540,-4.58180,-4.75540,13.95630,-0.84810,-0.85970
2020-12-31,60.00000,60.00000,21.56700,5.08800,33.34500,0.30100,33.64600,,33.64600,33.64600,33.64600,34.19000,33.34500,27.30200,27.30200,1.23000,1.23000,20.00710,,,100.00000,55.57500,55.57500,56.07670,56.07670,0.14400,,,8.48080,8.48080,8.07730,8.48080,14.50250,1.3754,1.364
2020-09-30,,,19.54200,4.79400,-24.33600,0.56900,-23.76700,,-23.76700,-23.76700,-23.76700,-23.82300,-24.33600,27.31600,27.31600,-0.87000,-0.87000,14.12990,,,,,,,,,,,-6.59750,-6.59750,-6.17730,-6.59750,13.17350,-0.6211,-0.6243
2020-06-30,,,17.94800,4.68700,-22.63500,1.08700,-21.54800,,-21.54800,-21.54800,-21.54800,-22.04700,-22.63500,27.27900,27.27900,-0.79000,-0.79000,19.10160,,,,,,,,,,,-5.64920,-5.64920,-5.36360,-5.64920,13.97870,-0.7185,-0.7216
2020-03-31,15.00000,15.00000,20.96800,4.28500,-10.25300,1.99100,-8.26200,,-8.26200,-8.26200,-8.26200,-10.12100,-10.25300,27.26400,27.26400,-0.30000,-0.30000,15.95940,,,100.00000,-68.35330,-68.35330,-55.08000,-55.08000,0.03540,3.00000,30.00000,-2.06260,-2.06260,-1.94750,-2.06260,14.68510,-0.55430,-0.55750
2019-12-31,3.00000,3.00000,21.42600,3.83200,-22.25800,1.97300,-20.28500,-0.02200,-20.26300,-20.26300,-20.26300,-23.85800,-22.25800,27.05900,27.05900,-0.74000,-0.74000,12.78930,,0.00340,100.00000,-741.93320,-741.93320,-676.16670,-675.43320,0.00690,,,-5.00310,-5.00310,-4.65610,-5.00310,14.86000,-0.584,-0.5878
2019-09-30,,,29.93100,3.81400,-33.74500,2.66100,-31.08400,-0.05100,-31.03300,-31.03300,-31.03300,-33.61000,-33.74500,27.05800,27.05800,-1.15000,-1.15000,14.28180,,0.00730,,,,,,,,,-7.37320,-7.37320,-6.87320,-7.37320,15.53220,-0.8153,-0.8256
2019-06-30,5.00000,5.00000,27.35000,4.30700,-26.65700,2.63500,-24.02200,-0.06000,-23.96200,-23.96200,-23.96200,-26.53300,-26.65700,27.02600,27.02600,-0.89000,-0.89000,14.07400,,0.01070,100.00000,-533.14000,-533.14000,-480.44000,-479.24000,0.01040,1.00000,90.00000,-5.34360,-5.34360,-4.99050,-5.34360,16.58060,-0.5731,-0.582
2019-03-31,,,20.63100,4.14100,-24.77200,2.67500,-22.09700,-0.01900,-22.07800,-22.07800,-22.07800,-24.65700,-24.77200,26.98100,26.98100,-0.82000,-0.82000,17.04540,,0.01390,,,,,,,,,-4.71600,-4.71600,-4.46720,-4.71600,17.33520,-0.59670,-0.60340
2018-12-31,,,15.92000,3.74300,-19.66300,2.47700,-17.18600,,-16.99400,-16.99400,-16.99400,-20.79000,-19.66300,24.67300,24.67300,-0.64000,-0.64000,19.88530,,0.01560,,,,,,,,,-3.49410,-3.49410,-3.33870,-3.49410,18.06570,-0.4661,-0.4736
2018-09-30,5.00000,5.00000,17.88300,4.00400,-16.88700,0.92900,-15.95800,,-15.95800,-15.95800,-15.95800,-16.79600,-16.88700,24.14600,24.14600,-0.66000,-0.66000,24.09920,0.00480,0.01980,100.00000,-337.74000,-337.74000,-319.16000,-319.16000,0.00960,0.96660,93.11400,-3.19370,-3.19370,-3.05050,-3.17830,18.68020,-0.6075,-0.6206
2018-06-30,,,10.58300,3.83200,-14.41500,0.79700,-13.61800,,-13.61800,-13.61800,-13.61800,-14.35100,-14.41500,23.93200,23.93200,-0.57000,-0.57000,16.18930,0.01430,0.04080,,,,,,,,,-4.77860,-4.77860,-4.45010,-4.71050,11.85980,-0.3681,-0.3808
2018-03-31,,,11.81000,3.94700,-15.75700,0.67100,-15.08600,,-15.08600,-15.08600,-15.08600,-15.70300,-15.75700,23.80100,23.80100,-0.63000,-0.63000,17.56570,0.01940,0.04530,,,,,,,,,-5.12210,-5.12210,-4.79170,-5.02260,12.36630,-0.52430,-0.53400
2017-12-31,3.00000,3.00000,7.60600,2.54500,-7.15100,0.29000,-6.86100,,-6.86100,-6.86100,-6.86100,-7.10400,-7.15100,19.78200,19.78200,-0.19000,-0.19000,17.93440,0.02400,0.04690,100.00000,-238.36670,-238.36670,-228.70000,-228.70000,0.00910,1.87380,48.03000,-2.23060,-2.23060,-2.08310,-2.17720,12.92850,-0.2649,-0.2715
2017-09-30,,,6.69700,2.39000,-9.08700,-0.00300,-9.09000,,-9.09000,-9.09000,-9.09000,-9.04100,-9.08700,20.38200,20.38200,-0.45000,-0.45000,10.76850,0.08380,0.14080,,,,,,,,,-8.96850,-8.96850,-7.45420,-8.21700,4.94510,-0.1879,-0.1884
2017-06-30,7.00000,7.00000,7.20500,2.35000,-2.55500,-0.12900,-2.68400,,-2.68400,-2.68400,-2.68400,-2.50400,-2.55500,20.27100,20.27100,-0.13000,-0.13000,11.49400,0.09140,0.12930,100.00000,-36.50000,-36.50000,-38.34290,-38.34290,0.05370,1.24180,72.47570,-2.45840,-2.45840,-2.05810,-2.23370,5.38070,-0.0004,-0.0025
2017-03-31,,,7.93500,2.05300,-9.98800,-1.44700,-11.43500,,-11.43500,-11.43500,-11.43500,-9.94900,-9.98800,15.29500,15.29500,-0.75000,-0.75000,13.55590,0.10350,0.12680,,,,,,,,,-10.38460,-10.38460,-8.72160,-9.31010,5.43800,-0.52940,-0.53490
2016-12-31,2.76400,2.76400,5.02000,0.93000,-3.18600,-1.40400,-4.58900,0.00000,-4.58900,-4.58900,-4.58900,-3.13100,-3.18600,2.63700,2.63700,-0.93000,-0.91000,10.19760,0.26020,0.35170,99.85530,-115.26770,-115.26770,-166.02750,-166.02750,0.04450,0.51730,173.97610,11.99800,-11.68640,-7.38020,-8.64590,14.81250,-2.1117,-2.1121
2016-09-30,3.21400,3.21400,3.28200,1.00700,-1.07500,-0.04000,-1.11500,,-1.11500,-1.11500,-1.11500,-1.01700,-1.07500,2.63600,2.63600,-0.42000,-0.42000,,,,100.00000,-33.44740,-33.44740,-34.69200,-34.69200,,,,,,,,,-1.202,-1.2066
2016-06-30,5.85000,5.85000,2.33500,1.15200,2.36300,-0.04100,2.32200,,2.32200,2.32200,0.18100,2.42300,2.36300,2.63500,3.49800,0.07000,0.05000,,,,100.00000,40.39320,40.39320,39.69230,3.09400,,,,,,,,,0.6714,0.6708
2016-03-31,4.86600,4.86600,4.78600,1.21900,-1.13900,0.25100,-0.88800,,-0.88800,-0.88800,-0.88800,-1.08200,-1.13900,2.62900,2.62900,-0.34000,-0.34000,,,,100.00000,-23.40730,-23.40730,-18.24910,-18.24910,,,,,,,,,-0.78200,-0.79540
2015-12-31,,,,,,,,,,,,,,,,,0.00000,,,,,,,,,,,,,,,,,0,0
2014-12-31,,,,,,,,,,,,,,,,,0.00000,,,,,,,,,,,,,,,,,0,0
2013-12-31,,,,,,,,,,,,,,,,,0.00000,,,,,,,,,,,,,,,,,0,0
