Date,revenue,cost-goods-sold,gross-profit,research-development-expenses,selling-general-administrative-expenses,operating-expenses,operating-income,total-non-operating-income-expense,pre-tax-income,total-provision-income-taxes,income-after-taxes,income-from-continuous-operations,net-income,ebitda,ebit,basic-shares-outstanding,shares-outstanding,eps-basic-net-earnings-per-share,eps-earnings-per-share-diluted,current-ratio,long-term-debt-capital,debt-equity-ratio,gross-margin,operating-margin,ebit-margin,pre-tax-profit-margin,net-profit-margin,asset-turnover,inventory-turnover,receiveable-turnover,days-sales-in-receivables,roe,return-on-tangible-equity,roa,roi,book-value-per-share,operating-cash-flow-per-share,free-cash-flow-per-share
2024-07-31,41.64300,22.71700,18.92600,1.67400,19.82600,21.50000,-2.57400,0.23100,-2.34300,0.02200,-2.36500,-2.36500,-2.36500,0.73500,-2.57400,12.86500,12.86500,-0.18000,-0.18000,4.49410,,,45.44820,-6.18110,-6.18110,-5.62640,-5.67920,0.17010,0.21290,1.56610,57.46920,-1.34590,-1.71650,-0.96610,-1.34590,13.64770,-0.33830,-0.40390
2024-04-30,46.29800,26.91500,19.38300,1.78500,23.10500,24.89000,-5.50700,0.10700,-5.40000,-0.09800,-5.30200,-5.30200,-5.30200,-1.32500,-5.50700,12.96700,12.96700,-0.41000,-0.41000,5.28790,,,41.86580,-11.89470,-11.89470,-11.66360,-11.45190,0.19240,0.28840,1.78410,50.44690,-2.97990,-3.85020,-2.20370,-2.97990,13.90260,1.1262,1.0901
2024-01-31,53.42500,30.59100,22.83400,1.79200,23.92500,25.71700,-2.88300,-0.01400,-2.89700,0.01300,-2.91000,-2.91000,-2.91000,1.10900,-2.88300,12.88300,12.88300,-0.23000,-0.23000,6.51580,,,42.74030,-5.39630,-5.39630,-5.42260,-5.44690,0.22350,0.30590,1.94510,46.26940,-1.59520,-2.09120,-1.21720,-1.59520,14.27660,1.005,0.7455
2023-10-31,57.93100,31.44100,26.49000,1.67500,24.83700,26.51200,-0.02200,0.05900,0.03700,-0.04000,0.07700,0.07700,0.07700,3.93600,-0.02200,13.01000,13.25600,0.01000,0.01000,4.83230,,,45.72680,-0.03800,-0.03800,0.06390,0.13290,0.23780,0.28810,1.42170,63.30500,0.04140,0.05510,0.03160,0.04140,14.34450,-0.6341,-0.6528
2023-07-31,43.44500,23.72600,19.71900,1.59900,22.20500,23.80400,-4.08500,0.02700,-4.05800,0.05500,-4.11300,-4.11300,-4.11300,-0.11600,-4.08500,13.19000,13.19000,-0.31000,-0.31000,5.35660,,,45.38840,-9.40270,-9.40270,-9.34050,-9.46710,0.18170,0.22610,1.75310,51.33800,-2.20990,-3.00470,-1.71980,-2.20990,14.24970,0.39160,0.34840
2023-04-30,42.20300,23.12900,19.07400,1.47300,21.60500,23.07800,-4.00400,0.01600,-3.98800,-0.15200,-3.83600,-3.83600,-3.83600,-0.04900,-4.00400,13.37200,13.37200,-0.30000,-0.30000,6.85240,0.02350,0.02410,45.19590,-9.48750,-9.48750,-9.44960,-9.08940,0.17330,0.23190,1.50200,59.91830,-1.99930,-2.74310,-1.57480,-1.95230,14.49890,0.4763,0.4708
2023-01-31,50.89400,26.90500,23.98900,1.57500,25.41500,26.99000,-3.00100,0.01300,-2.98800,-0.12500,-2.86300,-2.86300,-2.86300,1.28300,-3.00100,13.33100,13.33100,-0.21000,-0.21000,6.78850,0.04690,0.04920,47.13520,-5.89660,-5.89660,-5.87100,-5.62540,0.20100,0.25500,1.91650,46.96110,-1.46700,-2.04330,-1.13090,-1.39820,14.72110,1.3662,1.3366
2022-10-31,54.43600,28.47400,25.96200,1.55700,24.53900,26.09600,-0.13400,0.34300,0.20900,-0.16100,0.37000,0.37000,0.37000,3.97600,-0.13400,13.46500,13.58900,0.03000,0.03000,7.33740,0.08960,0.09850,47.69270,-0.24620,-0.24620,0.38390,0.67970,0.20430,0.25550,1.60850,55.95320,0.18610,0.26300,0.13890,0.16950,14.79880,0.0768,0.033
2022-07-31,43.67600,24.63700,19.03900,1.75600,22.84400,24.60000,-5.56100,0.05500,-5.50600,0.18900,-5.69500,-5.69500,-5.69500,-1.39900,-5.56100,13.44300,13.44300,-0.42000,-0.42000,6.08940,0.09000,0.09880,43.59150,-12.73240,-12.73240,-12.60650,-13.03920,0.16140,0.20420,1.74760,51.49920,-2.87920,-4.15310,-2.10400,-2.62020,14.70070,0.37700,0.36080
2022-04-30,45.89300,25.76900,20.12400,1.14600,21.90100,90.89600,-70.77200,0.14800,-70.62400,6.06200,-76.68600,-76.68600,-76.68600,1.49400,-70.77200,13.93000,13.93000,-5.50000,-5.49000,6.65820,0.10840,0.12160,43.84980,-154.21100,-154.21100,-153.88840,-167.09740,0.16520,0.21180,1.52420,59.04820,-37.77060,-54.83960,-27.60080,-33.67440,15.14820,0.5546,0.506
2022-01-31,70.10500,38.01000,32.09500,1.37700,25.99300,27.37000,4.72500,0.19000,4.91500,1.14900,3.76600,3.76600,3.76600,8.88900,4.72500,14.05400,14.20500,0.27000,0.27000,4.84190,,,45.78130,6.73990,6.73990,7.01090,5.37190,0.19950,0.31790,1.52150,59.15060,1.31260,2.10570,1.07180,1.31260,20.75530,-0.0819,-0.1582
2021-10-31,70.76000,37.72300,33.03700,1.45700,26.27900,27.73600,5.30100,0.56600,5.86700,1.28400,4.58300,4.58300,4.58300,9.50800,5.30100,14.13500,14.34800,0.32000,0.32000,4.82120,,,46.68880,7.49150,7.49150,8.29140,6.47680,0.19960,0.35940,1.42190,63.29640,1.58430,2.57510,1.29300,1.58430,20.39550,-1.5402,-1.6216
2021-07-31,60.76800,31.78500,28.98300,1.52100,23.23900,24.76000,4.22300,0.08300,4.30600,0.84900,3.45700,3.45700,3.45700,8.40200,4.22300,14.08300,14.30100,0.25000,0.24000,4.72140,,,47.69450,6.94940,6.94940,7.08600,5.68880,0.17430,0.34530,1.81260,49.65200,1.21810,2.04350,0.99150,1.21810,20.12960,-0.22130,-0.25890
2021-04-30,64.47200,35.82100,28.65100,0.73800,26.62900,27.36700,1.28400,0.10400,1.38800,0.14000,1.24800,1.24800,1.24800,5.99900,1.28400,13.99700,14.22500,0.09000,0.08000,4.94830,,,44.43940,1.99160,1.99160,2.15290,1.93570,0.18890,0.48210,1.71300,52.53810,0.44590,0.77670,0.36570,0.44590,19.90930,1.1458,1.0735
2021-01-31,82.64900,45.27600,37.37300,1.47800,25.71200,27.19000,10.18300,0.09000,10.27300,2.24400,8.02900,8.02900,8.02900,14.83600,10.18300,13.99900,14.25400,0.57000,0.56000,4.68760,,,45.21890,12.32080,12.32080,12.42970,9.71460,0.24210,0.61440,1.47420,61.05050,2.89120,5.15390,2.35180,2.89120,19.82180,0.8818,0.8215
2020-10-31,79.09800,42.02500,37.07300,1.93200,25.57700,27.50900,9.56400,0.18300,9.74700,2.40800,7.33900,7.33900,7.33900,14.63500,9.56400,13.98100,14.15500,0.52000,0.52000,4.13340,,,46.86970,12.09130,12.09130,12.32270,9.27840,0.23580,0.57120,1.36440,65.96110,2.73040,5.13640,2.18800,2.73040,19.20990,0.2744,0.2152
2020-07-31,50.46800,26.73700,23.73100,1.23000,20.03700,21.26700,2.46400,0.42000,2.88400,1.09500,1.78900,1.78900,1.78900,7.85200,2.46400,13.97500,13.97500,0.13000,0.13000,3.72130,,,47.02190,4.88230,4.88230,5.71450,3.54480,0.19350,0.38420,1.19790,75.12900,0.78690,1.83270,0.68600,0.78690,16.26780,0.04040,-0.02250
2020-04-30,43.08500,23.94200,19.14300,1.12500,21.36900,121.42300,-102.28000,1.30300,-100.97700,-10.29900,-90.67800,-90.67800,-90.67800,2.35700,-102.28000,13.97500,13.97500,-6.48000,-6.48000,4.61520,,,44.43080,-237.39120,-237.39120,-234.36690,-210.46300,0.17340,0.39900,1.22400,73.52910,-40.46360,-100.05190,-36.50260,-40.46360,,0.654,0.6393
2020-01-31,43.33600,24.22000,19.11600,1.34500,19.59600,20.94100,-1.82500,1.52900,-0.29600,-0.14900,-0.14700,-0.14700,-0.14700,3.95000,-1.82500,13.97500,13.97500,-0.01000,-0.01000,,,,44.11110,-4.21130,-4.21130,-0.68300,-0.33920,,,,,,,,,,0.0874,0.0523
2019-10-31,47.74200,28.65100,19.09100,1.19300,19.37000,20.56300,-1.47200,1.17300,-0.29900,0.09400,-0.39300,-0.39300,-0.39300,4.70700,-1.47200,13.97500,13.97500,-0.03000,-0.03000,,,,39.98790,-3.08320,-3.08320,-0.62630,-0.82320,,,,,,,,,,-0.047,-0.0721
2019-07-31,33.21600,19.55000,13.66600,1.33200,19.55300,20.88500,-7.21900,0.93700,-6.28200,-1.29900,-4.98300,-4.98300,-4.98300,-1.24200,-7.21900,13.97500,13.97500,-0.36000,-0.36000,,,,41.14280,-21.73350,-21.73350,-18.91260,-15.00180,,,,,,,,,,-0.09000,-0.12100
2019-04-30,,,,,,,,,,,,,,,,,,,0.00000,,,,,,,,,,,,,,,,,,0,0
