Date,revenue,cost-goods-sold,gross-profit,research-development-expenses,selling-general-administrative-expenses,operating-expenses,operating-income,total-non-operating-income-expense,pre-tax-income,total-provision-income-taxes,income-after-taxes,income-from-continuous-operations,net-income,ebitda,ebit,basic-shares-outstanding,shares-outstanding,eps-basic-net-earnings-per-share,eps-earnings-per-share-diluted,current-ratio,long-term-debt-capital,debt-equity-ratio,gross-margin,operating-margin,ebit-margin,pre-tax-profit-margin,net-profit-margin,asset-turnover,inventory-turnover,receiveable-turnover,days-sales-in-receivables,roe,return-on-tangible-equity,roa,roi,book-value-per-share,operating-cash-flow-per-share,free-cash-flow-per-share
2024-06-30,0.79750,0.55230,0.24520,0.91300,2.67890,3.59190,-3.34670,5.19620,1.84950,,1.84950,1.84950,1.87980,-3.21250,-3.34670,4.01400,4.01400,0.47000,0.47000,3.91400,,,30.74940,-419.63800,-419.63800,231.90680,235.70550,0.04780,1.17540,1.55200,57.99030,15.11710,19.39600,11.08140,15.11720,1.18790,5.3931,5.401
2024-03-31,0.92960,0.63400,0.29570,0.91320,3.00020,3.91340,-3.61780,-0.87600,-4.49380,,-4.49380,-4.49380,-4.62580,-3.43140,-3.61780,0.87100,0.87100,-5.31000,-5.31000,1.66400,,,31.80310,-389.15990,-389.15990,-483.39430,-497.59570,0.10130,1.88720,2.27380,39.58210,2562.11100,156.34030,-48.97520,2562.23900,-0.20320,-2.5031,-2.5201
2023-12-31,0.89120,0.66010,0.23110,0.93580,3.08430,4.02010,-3.78910,2.65880,-1.13030,,-1.13030,-1.13030,-1.18290,-3.49010,-3.78910,0.68370,0.68370,-1.80000,-1.80000,1.77360,,,25.93200,-425.18170,-425.18170,-126.83200,-132.73170,0.08990,1.74950,1.97700,45.52260,-27.37820,-79.07230,-11.40180,-27.37820,6.04500,-5.49650,-5.49650
2023-09-30,0.77970,0.70070,0.07900,0.93890,3.31130,4.25020,-4.17120,0.55550,-3.61570,,-3.61570,-3.61570,-3.59230,-3.84150,-4.17120,0.65380,0.65380,-5.31000,-5.31000,2.85600,,,10.13110,-534.94780,-534.94790,-463.70220,-460.70290,0.05710,2.12330,3.05180,29.49100,-74.20690,-166.35640,-26.48520,-74.20660,7.13380,-4.0254,-3.8111
2023-06-30,2.91730,1.64800,1.26930,0.83610,3.29230,4.12850,-2.85910,-0.25510,-3.11420,,-3.11420,-3.11420,-3.09980,-2.51000,-2.85910,0.64500,0.64500,-4.80000,-4.80000,4.23360,,,43.50940,-98.00390,-98.00390,-106.74770,-106.25310,0.18480,5.96200,4.27320,21.06130,-43.28840,-43.28840,-19.72320,-43.28840,11.14580,-2.1227,-2.3737
2023-03-31,4.40760,2.60020,1.80740,0.98870,3.52270,4.51140,-2.70400,3.25520,0.55120,,0.55120,0.55120,0.58830,-2.35950,-2.70400,0.64500,0.64500,0.91000,0.91000,4.20740,,,41.00710,-61.34890,-61.34890,12.50510,13.34830,0.22990,7.10270,2.24000,40.17910,5.52930,5.52930,2.87440,5.52930,15.44380,0.3298,0.2456
2022-12-31,5.26280,2.88510,2.37770,0.97130,2.62540,3.59660,-1.21900,-2.62530,-3.84420,,-3.84420,-3.84420,-3.84340,-0.88010,-1.21900,0.64550,0.64550,-6.00000,-6.00000,5.50520,,,45.17950,-23.16240,-23.16240,-73.04630,-73.02970,0.25930,6.04820,1.29830,69.31980,-41.97480,-41.97490,-18.93990,-41.97490,14.18920,-3.69220,-3.62240
2022-09-30,3.55930,3.14260,0.41680,0.91290,3.75620,4.66900,-4.25230,3.58780,-0.66460,,-0.66460,-0.66460,-0.66320,-3.92460,-4.25230,0.44840,0.44840,1.20000,1.20000,4.76500,,,11.70890,-119.46980,-119.46980,-18.67090,-18.63340,0.15990,5.21810,1.16030,77.56520,-5.14800,-5.14800,-2.98470,-5.14800,19.99990,-7.2878,-7.8298
2022-06-30,4.29640,3.25710,1.03930,0.86300,3.03290,3.89590,-2.85660,1.73180,-1.12480,,-1.12480,-1.12480,-1.12420,-2.53550,-2.85660,0.44910,0.44910,-2.60000,-2.60000,2.16320,,,24.18920,-66.48970,-66.48970,-26.18010,-26.16670,0.36040,2.77830,1.50280,59.88940,-16.55410,-16.55400,-9.43600,-16.55400,15.12790,-2.921,-3.0494
2022-03-31,6.14730,3.65880,2.48850,1.07000,3.57270,4.64270,-2.15420,0.39440,-1.75980,,-1.75980,-1.75980,-1.86880,-1.83340,-2.15420,0.40400,0.40400,-4.60000,-4.60000,3.07030,,,40.48110,-35.04370,-35.04370,-28.62720,-30.40030,0.44290,2.59310,2.37550,37.88710,-23.01440,-23.01440,-12.67940,-23.01440,18.57300,0.0789,-0.0628
2021-12-31,4.16570,3.05660,1.10910,1.08010,4.73560,5.81570,-4.70660,-0.01430,-4.72090,,-4.72090,-4.72090,-4.72180,-4.38580,-4.70660,0.37430,0.37430,-12.60000,-12.60000,2.85320,,,26.62550,-112.98390,-112.98390,-113.32800,-113.34850,0.36530,2.35010,1.08000,83.33640,-56.25550,-56.25520,-41.40310,-56.25520,22.42040,-9.89020,-10.16990
2021-09-30,3.03970,1.97240,1.06740,1.30280,3.56070,5.68520,-4.61780,0.09940,-4.50760,,-4.50760,-4.50760,-4.51110,-4.31800,-4.61780,0.34590,0.34590,-10.00000,-10.00000,3.45250,,,35.11350,-151.91590,-151.91590,-148.28870,-148.40420,0.21080,1.43980,1.08410,83.02160,-40.56160,-40.56160,-31.26630,-40.56160,29.68990,-14.7272,-17.5568
2021-06-30,1.70030,1.11610,0.58420,1.14210,2.88380,4.02590,-3.44170,-0.00500,-3.44670,,-3.44670,-3.44670,-3.44900,-3.19390,-3.44170,0.36180,0.36180,-9.60000,-9.60000,8.69850,,,34.35910,-202.41530,-202.41530,-202.70980,-202.84380,0.09890,2.60090,2.30600,39.02870,-22.11750,-23.34860,-20.05100,-22.11740,41.63430,-3.4551,-4.8447
2021-03-31,2.67150,0.94060,1.73100,0.95570,3.09120,4.04690,-2.31600,0.79890,-1.51710,,-1.51710,-1.51710,-1.51680,-2.11660,-2.31600,0.36180,0.36180,-4.20000,-4.20000,8.17750,,,64.79310,-86.69120,-86.69120,-56.78660,-56.77620,0.12860,1.30540,1.22190,73.65780,-8.14760,-8.53480,-7.30010,-8.14760,49.74620,-5.2999,-7.2426
2020-12-31,1.61610,0.51580,1.10040,0.76380,3.30970,4.07340,-2.97310,-1.82310,-4.80710,,-4.80710,-4.80710,-4.80960,-2.87570,-2.97310,0.27290,0.27290,-17.60000,-17.60000,2.24100,0.03180,0.14800,68.08560,-183.96300,-183.96300,-297.44080,-297.59510,0.16700,0.94910,1.56250,57.60130,-83.99660,-99.00880,-49.67050,-81.32280,20.21870,-15.22810,-16.43560
2020-09-30,0.31400,0.26140,0.05260,1.23970,2.78320,4.10520,-4.05260,-0.07260,-4.12510,,-4.12510,-4.12510,-4.12290,-3.96350,-4.05260,0.19600,0.19600,-13.80000,-13.80000,2.12800,0.08310,0.41090,16.74670,-1290.67600,-1290.67600,-1313.78700,-1313.08200,0.02770,0.52560,1.61580,55.69850,-72.25050,-85.60550,-36.37320,-66.24620,22.20300,-21.2172,-26.5597
2020-06-30,0.43150,0.15480,0.27670,0.81460,2.58900,3.46550,-3.18880,-0.10130,-3.29010,,-3.29010,-3.29010,-3.28950,-3.12030,-3.18880,0.22890,0.22890,-14.40000,-14.40000,4.96520,0.18270,0.26640,64.12560,-738.97470,-738.97470,-762.45430,-762.30080,0.03090,0.34820,1.86650,48.21900,-37.47810,-42.15520,-23.54280,-30.63000,35.34120,-8.2402,-8.2822
2020-03-31,0.55250,0.17960,0.37290,0.70300,2.28550,3.05510,-2.68220,-0.26870,-2.95090,,-2.95090,-2.95090,-2.95210,-2.60930,-2.68220,0.18800,0.18800,-15.80000,-15.80000,5.39440,0.16970,0.20440,67.49490,-485.49120,-485.49120,-534.12660,-534.34740,0.04880,2.01910,1.00610,89.45430,-40.59700,-47.12070,-26.05220,-33.70750,35.80680,-4.4662,-4.51
2019-12-31,0.63350,0.23200,0.40150,0.56440,2.37340,3.01290,-2.61140,-0.05130,-2.66270,,-2.66270,-2.66270,-2.66560,-2.53020,-2.61140,0.11910,0.11910,-22.40000,-22.40000,6.38840,0.17000,0.20480,63.37430,-412.20830,-412.20830,-420.30960,-420.75350,0.05830,2.80630,2.31240,38.92100,-36.85820,-42.69620,-24.49210,-30.59380,41.45930,-22.94220,-22.94220
2019-09-30,1.67280,0.32010,1.35270,0.88670,2.25950,3.21660,-1.86380,0.64540,-1.21850,,-1.23350,-1.23350,-1.53370,-1.78360,-1.86380,0.04610,0.04610,-13.40000,-13.40000,0.95560,2.21780,-1.82120,80.86460,-111.41770,-111.41770,-72.83760,-91.68480,0.46930,2.24430,1.99160,45.18990,145.36650,66.00780,-34.60170,-177.02390,-14.04810,-42.1578,-42.1838
2019-06-30,2.05350,0.27090,1.78260,0.71970,2.40720,3.21420,-1.43160,-0.04630,-1.47790,,-1.47790,-1.47790,-1.47790,-1.33950,-1.43160,0.04770,0.04770,-31.00000,-31.00000,0.81310,5.18720,-1.23880,86.80840,-69.71810,-69.71810,-71.97190,-71.97190,0.68790,0.87450,8.43110,10.67480,82.63280,52.02000,-49.50890,-346.00160,-37.33200,-15.6519,-15.5565
2019-03-31,0.77850,0.13310,0.64530,0.65140,2.52890,3.27800,-2.63260,-0.05410,-2.68680,,-2.68680,-2.68680,-2.68680,-2.53030,-2.63260,0.04180,0.04180,-64.40000,-64.40000,1.24480,1.50290,-2.98840,82.89710,-338.18180,-338.18180,-345.13390,-345.13390,0.18420,0.42310,2.46190,36.55690,365.87150,147.68640,-63.57560,-183.99800,-15.56870,-51.3377,-51.5041
2018-12-31,0.88430,0.15350,0.73080,0.70960,3.08240,3.92700,-3.19620,-0.03820,-3.23430,,-3.23430,-3.23430,-3.23430,-3.05660,-3.19620,0.03810,0.03810,-85.00000,-85.00000,1.68300,0.73650,2.79510,82.64380,-361.42480,-361.42480,-365.74010,-365.74010,0.14380,0.68130,1.43850,62.56630,-422.22300,920.90710,-52.60100,-111.25420,17.20820,-39.72880,-41.09500
2018-09-30,1.19540,0.25070,0.94470,0.71670,3.57150,4.41010,-3.46540,-0.00990,-3.47530,,-3.47530,-3.47530,-3.47530,-3.34210,-3.46540,0.03690,0.03690,-85.20000,-85.20000,1.41820,0.67770,2.10290,79.03080,-289.90330,-289.90320,-290.73000,-290.73000,0.21220,1.13230,0.80450,111.87750,-460.61610,879.62700,-61.68710,-148.44450,20.04520,-70.482,-70.5359
2018-06-30,1.01640,0.25260,0.76380,0.62500,2.88220,3.63010,-2.86640,-0.02140,-2.88770,,-2.88770,-2.88770,-2.88770,-2.74340,-2.86640,0.03760,0.03760,-80.00000,-80.00000,1.54900,,,75.15020,-282.02450,-282.02450,-284.12540,-284.12540,0.15380,0.85530,0.71830,125.29610,-94.42760,-153.91490,-43.70060,-94.42770,81.24680,-29.9836,-31.7372
2018-03-31,1.04390,0.37220,0.67180,0.66980,1.99660,2.81170,-2.13990,-0.00630,-2.14620,,-2.14620,-2.14620,-2.14620,-1.99460,-2.13990,0.03760,0.03760,-56.00000,-56.00000,2.74180,,,64.35130,-204.98230,-204.98230,-205.58620,-205.58620,0.13160,1.26650,0.68420,131.53400,-37.60590,-47.78610,-27.05230,-37.60590,151.62370,-12.761,-16.7702
2017-12-31,0.64770,0.33140,0.31620,0.74010,2.59320,3.49090,-3.17460,-0.00910,-3.18370,,-3.18370,-3.18370,-3.18370,-3.01700,-3.17460,0.03460,0.03460,-96.00000,-96.00000,5.28690,,,48.82630,-490.15670,-490.15670,-491.55860,-491.55860,0.06740,1.05520,0.30040,299.55720,-39.11930,-46.36360,-33.13270,-39.11920,216.21890,-74.37370,-75.77140
2017-09-30,1.14550,0.27270,0.87280,0.52470,2.79040,3.71560,-2.84280,-0.01180,-2.85470,,-2.85470,-2.85470,-2.85470,-2.69630,-2.84280,0.03300,0.03300,-80.00000,-80.00000,4.81620,,,76.19550,-248.17570,-248.17580,-249.20880,-249.20880,0.14050,0.83520,0.44260,203.33290,-41.62510,-51.61590,-35.00980,-41.62510,200.40410,-27.6784,-28.7127
2017-06-30,1.79740,0.23230,1.56500,0.60310,3.40280,4.16740,-2.60230,-0.00850,-2.61080,,-2.61080,-2.61080,-2.61080,-2.44090,-2.60230,0.03300,0.03300,-80.00000,-80.00000,3.38610,,,87.07300,-144.78390,-144.78390,-145.25840,-145.25840,0.17240,0.61710,0.34230,262.93290,-32.56340,-40.85920,-25.04950,-32.56340,234.29160,-56.4848,-57.0167
2017-03-31,0.90540,0.29740,0.60800,0.63590,3.23040,4.02960,-3.42160,-0.00720,-3.42890,,-3.42890,-3.42890,-3.42890,-3.25830,-3.42160,0.03290,0.03290,-104.00000,-104.00000,3.02650,,,67.15480,-377.92500,-377.92500,-378.72300,-378.72300,0.06850,0.84100,0.17440,516.15440,-36.90530,-45.10510,-25.94280,-36.90540,282.06730,-77.5666,-79.0693
2016-12-31,0.90300,0.27480,0.62820,0.51860,3.90090,4.58160,-3.95330,-0.00800,-3.96140,,-3.96140,-3.96140,-3.96140,-3.79140,-3.95330,0.03180,0.03180,-128.00000,-128.00000,3.33460,,,69.56480,-437.79750,-437.79750,-438.68760,-438.68760,0.05380,0.85000,0.14670,613.56670,-32.51860,-37.97340,-23.62240,-32.51860,369.83490,-65.09260,-66.43440
2016-09-30,1.63610,0.55210,1.08400,0.80560,2.53960,3.49380,-2.40980,-0.00530,-2.41510,,-2.41510,-2.41510,-2.41510,-2.26130,-2.40980,0.02960,0.02960,-80.00000,-80.00000,2.77900,,,66.25550,-147.28850,-147.28850,-147.61210,-147.61210,0.10510,1.85420,0.25660,350.67680,-23.29940,-28.23290,-15.51520,-23.29940,344.37980,-86.5939,-89.5449
2016-06-30,0.65290,0.18060,0.47230,1.14910,2.57690,3.89460,-3.42230,0.05530,-3.36700,,-3.36700,-3.36700,-3.36700,-3.25370,-3.42230,0.03010,0.03010,-112.00000,-112.00000,4.00360,,,72.34490,-524.17850,-524.17850,-515.70400,-515.70400,0.04290,1.42320,0.13620,660.60710,-27.63060,-32.57350,-22.12410,-27.63060,404.86130,-73.9676,-89.4667
2016-03-31,0.57330,0.25370,0.31960,1.07310,2.52270,3.76680,-3.44720,-0.02040,-3.46760,,-3.46760,-3.46760,-3.46760,-3.27620,-3.44720,0.03010,0.03010,-112.00000,-112.00000,5.56610,,,55.74320,-601.26890,-601.26890,-604.83000,-604.83000,0.03240,,0.11410,789.11480,-23.07500,-26.28430,-19.57830,-23.07500,499.36100,-77.0451,-79.2903
2015-12-31,1.32410,0.18430,1.13980,0.67300,3.16910,4.06030,-2.92050,-0.00570,-2.92630,,-2.92630,-2.92630,-2.92630,-2.70220,-2.92050,0.02820,0.02820,-104.00000,-104.00000,7.60620,,,86.08370,-220.56470,-220.56470,-220.99840,-220.99840,0.06460,,0.33740,266.71400,-16.26100,-18.14660,-14.28530,-16.26100,598.05900,-96.55740,-98.39560
2015-09-30,3.98030,0.25530,3.72500,1.45880,2.61490,4.21010,-0.48520,-0.01090,-0.49600,,-0.49600,-0.49600,-0.49600,-0.34870,-0.48520,0.02370,0.02370,56.00000,56.00000,4.32500,,,93.58700,-12.18890,-12.18890,-12.46220,-12.46220,0.25590,,1.01290,88.85250,-3.94710,-4.64330,-3.18900,-3.94710,467.49520,-99.2644,-169.2119
2015-06-30,2.26770,0.12900,2.13870,0.46680,3.22270,3.81090,-1.67220,0.00130,-1.67090,,-1.67090,-1.67090,-1.67090,-1.55090,-1.67220,0.02680,0.02680,-64.00000,-64.00000,8.01840,,,94.31070,-73.74160,-73.74160,-73.68270,-73.68270,0.16060,,1.09140,82.46260,-13.36710,-13.95420,-11.83060,-13.36710,465.50450,-11.9939,-11.1461
2015-03-31,1.51880,,1.51880,0.37340,2.90120,,-1.87890,-0.00670,-1.88560,,-1.88560,-1.88560,-1.88560,-1.75580,-1.87890,0.02170,0.02170,-88.00000,-88.00000,1.37600,,,100.00000,-123.71300,-123.71300,-124.15260,-124.15260,0.41880,,1.30890,68.75830,-96.43180,-120.41590,-51.98970,-96.43140,90.06210,-61.0666,-68.5883
2014-12-31,1.24180,,1.24180,0.27830,4.67150,,-3.81770,-4.01090,-7.82860,,-7.82860,-7.82860,-7.82860,-3.70800,-3.81770,0.01930,0.01930,-408.00000,-408.00000,2.40230,,,100.00000,-307.43240,-307.43240,-630.42610,-630.42610,0.24730,,1.11420,80.77670,-237.16340,-261.25740,-155.87720,-237.16400,152.09960,-121.92970,-123.52510
2014-09-30,0.64550,,0.64550,0.21530,3.15800,,-2.84460,0.73910,-2.10550,,-2.10550,-2.10550,-2.10550,-2.72780,-2.84460,0.01690,0.01690,-120.00000,-120.00000,0.60940,,-1.22580,100.00000,-440.66370,-440.66370,-326.17040,-326.17040,0.18410,,0.77330,116.39110,143.38130,117.21100,-60.05370,143.38120,-84.29830,-134.1531,-135.39
2014-06-30,0.84120,,0.84120,0.26630,2.94850,,-2.48700,0.56800,-1.91910,,-1.91910,-1.91910,-1.91910,-2.37360,-2.48700,0.01700,0.01700,-112.00000,-112.00000,1.68820,,,100.00000,-295.65130,-295.65130,-228.13410,-228.13410,0.22310,,1.62310,55.45030,-616.59710,4785.79800,-50.88970,-616.60610,18.02080,-116.5841,-122.4292
2014-03-31,0.63710,,0.63710,0.35980,3.29770,,-3.12720,0.37670,-2.75040,,-2.75040,-2.75040,-2.75040,-3.02040,-3.12720,0.01680,0.01680,-160.00000,-160.00000,1.55730,,,100.00000,-490.81140,-490.81140,-431.68070,-431.68070,0.16840,,1.05140,85.59980,859.00010,395.91420,-72.71630,859.03880,-18.96840,-127.5691,-128.3337
2013-12-31,0.59740,,0.59740,0.45930,3.84560,,-3.81270,-2.47890,-6.29170,,-6.29170,-6.29170,-6.29170,-3.70750,-3.81270,0.01650,0.01650,-384.00000,-384.00000,3.30630,,,100.00000,-638.27200,-638.27200,-1053.25300,-1053.25300,0.09570,,0.79720,112.90100,-334.22190,-423.67940,-100.81800,-334.22170,111.62790,-125.57300,-131.31620
2013-09-30,0.72910,,0.72910,0.18330,2.68210,,-2.35230,-1.36870,-3.71850,,-3.71850,-3.71850,-3.71850,-2.25110,-2.35230,0.01470,0.01470,-728.95800,-728.95800,6.46090,,,100.00000,-322.63230,-322.63220,-510.00490,-510.00490,0.08710,,1.08390,83.02980,-80.55540,-88.63300,-44.39980,-80.55550,281.70180,-158.2911,-188.5517
2013-06-30,0.64480,,0.64480,0.18500,3.24080,,-2.84320,0.70760,-2.13560,,-2.13560,-2.13560,-2.13560,-2.78100,-2.84320,0.01510,0.01510,0.00000,0.00000,1.67010,,,100.00000,-440.91950,-440.91950,-331.18370,-331.18370,0.16790,,1.09730,82.01850,-92.55110,-122.53230,-55.60060,-92.55060,150.69620,-104.6197,-155.4847
2013-03-31,0.34460,,0.34460,0.17650,2.75440,,-2.60810,-0.51950,-3.12760,,-3.12760,-3.12760,-3.12760,-2.58630,-2.60810,0.01420,0.01420,0.00000,0.00000,5.97570,,,100.00000,-756.84240,-756.84240,-907.59890,-907.59890,0.06790,,0.84500,106.50380,82.94950,82.94950,-61.65200,82.94950,-263.88310,-145.538,-147.6545
2012-12-31,0.31770,,0.31770,0.14770,2.52120,,-2.37220,-6.33260,-8.70480,,-8.70480,-8.70480,-8.70480,-2.35120,-2.37220,0.01360,0.01360,-479.04190,-479.04190,1.72920,,,100.00000,-746.73660,-746.73660,-2740.18800,-2740.18800,0.19550,,0.87810,102.49750,129.95940,129.95950,-535.78520,129.95950,-488.42690,-128.27840,-128.27840
2012-09-30,0.29080,,0.29080,0.15810,1.88620,,-1.76700,-0.00030,-1.76730,,-1.76730,-1.76730,-1.76730,-1.75350,-1.76700,0.01200,0.01200,,0.00000,1.86110,,,100.00000,-607.60710,-607.60730,-607.70110,-607.70110,0.21560,,0.97920,91.91250,-233.48550,-233.48150,-131.01310,-233.48150,56.11400,-91.0188,-99.2885
2012-06-30,0.52860,,0.52860,0.10000,1.75250,,-1.42720,-0.00240,-1.42960,,-1.42960,-1.42960,-1.42960,-1.32390,-1.42720,0.01240,0.01240,0.00000,0.00000,2.76270,,0.18990,100.00000,-270.01390,-270.01390,-270.47200,-270.47200,0.26830,,1.19380,75.38970,-108.61340,-108.61330,-72.56410,-108.61330,100.56760,-87.6613,-89.0902
2012-03-31,0.51840,,0.51840,0.09610,1.82460,,-1.50100,-0.04280,-1.54390,,-1.54390,-1.54390,-1.54390,-1.36480,-1.50100,0.01220,0.01220,0.00000,0.00000,1.88600,,0.30720,100.00000,-289.55310,-289.55310,-297.81560,-297.81560,0.35700,,1.60180,56.18780,-189.71700,-213.58710,-106.32690,-189.71670,65.91610,-72.033,-75.9017
2011-12-31,0.51690,,0.51690,0.07850,2.15240,,-1.81240,-0.59750,-2.40990,,-2.40990,-2.40990,-2.40990,-1.12440,-1.81240,0.01020,0.01020,0.00000,0.00000,0.57240,,-2.28130,100.00000,-350.62020,-350.62020,-466.21910,-466.21910,0.20500,,2.22220,40.50070,178.01170,156.92620,-95.56520,178.01080,-126.36080,-79.29100,-79.29100
2011-09-30,0.28090,,0.28090,0.10720,3.85950,,-3.77680,-0.64050,-4.41740,,-4.41740,-4.41740,-4.41740,-3.01130,-3.77680,0.00790,0.00790,-479.04180,-479.04180,0.67400,,-3.74820,100.00000,-1344.64800,-1344.64800,-1572.69800,-1572.69800,0.08020,,1.34660,66.83620,443.78140,348.30970,-126.08230,443.78450,-100.74050,-178.6776,-190.0052
2011-06-30,0.22970,,0.22970,0.04800,1.58080,,-1.49100,-0.66400,-2.15500,,-2.15500,-2.15500,-2.15500,-0.56500,-1.49100,0.00730,0.00730,-479.04190,-479.04190,0.06020,,-0.74270,100.00000,-649.06100,-649.06100,-938.13730,-938.13730,0.25710,,1.29170,69.67470,54.22110,49.67420,-241.16260,54.22100,-540.08860,-96.3479,-96.3479
2011-03-31,0.14040,,0.14040,0.09300,1.61940,,-1.66380,-0.93490,-2.59870,,-2.59870,-2.59870,-2.59870,-0.46740,-1.66380,0.00730,0.00730,-479.04190,-479.04190,0.08160,,-1.14110,100.00000,-1184.64900,-1184.64900,-1850.33700,-1850.33700,0.11340,,1.41520,63.59460,122.34040,100.76770,-209.87290,122.34030,-289.48740,-138.7195,-138.7195
2010-12-31,0.31780,,0.31780,0.02070,1.32920,,-1.12490,-0.21920,-1.34410,,-1.34410,-1.34410,-1.34410,-0.68980,-1.12490,0.00730,0.00730,0.00000,0.00000,0.18990,-0.13940,-1.45670,100.00000,-353.95240,-353.95240,-422.91500,-422.91500,0.17910,,5.05880,17.79060,74.51140,57.20600,-75.74800,84.89890,-246.94450,-64.45510,-64.45510
2010-09-30,0.08970,,0.08970,0.03100,1.85430,,-1.86050,-0.25530,-2.11580,,-2.11550,-2.11550,-2.11550,-1.41650,-1.86050,0.00630,0.00630,-479.04180,-479.04180,0.08670,-0.15940,-1.24770,131.75360,-2075.03700,-2075.03800,-2359.78000,-2359.44500,0.06340,,1.42250,63.26870,132.37830,94.66540,-149.68050,153.48110,-221.01570,-148.5783,-148.5783
2010-06-30,0.17020,,0.17020,0.01810,2.52980,,-2.47050,-0.12640,-2.59690,,-2.59690,-2.59690,-2.59690,-2.26870,-2.47050,0.00630,0.00630,-479.04190,-479.04190,0.06290,-0.35270,-0.91450,100.00000,-1451.59800,-1451.59800,-1525.85900,-1525.85900,0.16690,,2.98230,30.17790,103.19030,80.04800,-254.71880,139.58350,-361.39680,-76.3372,-76.3372
2010-03-31,0.18730,0.01400,0.17320,0.02070,1.26280,1.37590,-1.20260,-0.18660,-1.38920,,-1.38920,-1.38920,-1.38920,-0.93020,-1.20260,0.00600,0.00600,0.00000,0.00000,0.03800,,-0.78270,92.50510,-642.15620,-642.15620,-741.79790,-741.79790,0.17500,,5.25670,17.12100,44.42690,35.21010,-129.79080,44.42690,-505.05020,-64.5295,-64.5295
2009-12-31,0.07270,0.01440,0.05830,0.00610,1.54210,1.64180,-1.58340,-0.22430,-1.80770,0.00030,-1.80800,-1.80800,-1.80800,-1.28550,-1.58340,0.00570,0.00570,-479.04190,-479.04190,0.01840,,-0.97400,80.14990,-2177.60800,-2177.60800,-2486.01800,-2486.43100,0.06420,,4.54300,19.81080,62.69590,47.66380,-159.53640,62.69590,-501.97290,-102.14040,-102.14040
2009-09-30,0.06100,0.00640,0.05460,0.00370,1.14590,1.24830,-1.19370,-0.25270,-1.44640,0.00010,-1.44650,-1.44650,-1.44650,-0.86400,-1.19370,0.00530,0.00640,0.00000,-479.04190,0.10450,,-1.37990,89.53630,-1957.18600,-1957.18600,-2371.50900,-2371.63200,0.04050,,1.28940,69.79900,82.80770,52.64990,-95.98130,82.80740,-304.06740,-46.1798,-46.1798
2009-06-30,0.02290,0.00250,0.02040,0.02830,0.98290,1.11610,-1.09570,-0.23490,-1.33060,,-1.33060,-1.33060,-1.33060,-0.77620,-1.09570,0.00550,0.00550,-479.04190,-479.04190,0.14440,,-1.66230,89.00330,-4779.34500,-4779.34500,-5804.16600,-5804.16600,0.01480,,1.39570,64.48200,144.63130,66.14080,-85.84680,144.63160,-168.28380,-127.192,-127.192
2009-03-31,0.06470,0.00860,0.05610,0.04090,1.68350,1.83000,-1.77400,11.81170,10.03770,,10.03770,10.03770,10.03770,-1.46610,-1.77400,0.00530,0.00580,1916.16800,1916.16800,0.28290,,-4.72280,86.71100,-2743.10100,-2743.10100,15521.42000,15521.42000,0.03590,,1.01440,88.71970,-5115.72400,-727.73780,557.97530,-5115.35200,-36.08330,-209.4433,-209.4433
