Date,revenue,cost-goods-sold,gross-profit,research-development-expenses,selling-general-administrative-expenses,other-operating-income-expenses,operating-expenses,operating-income,total-non-operating-income-expense,pre-tax-income,total-provision-income-taxes,income-after-taxes,income-from-continuous-operations,net-income,ebitda,ebit,basic-shares-outstanding,shares-outstanding,eps-basic-net-earnings-per-share,eps-earnings-per-share-diluted,current-ratio,long-term-debt-capital,debt-equity-ratio,gross-margin,operating-margin,ebit-margin,pre-tax-profit-margin,net-profit-margin,asset-turnover,receiveable-turnover,days-sales-in-receivables,roe,return-on-tangible-equity,roa,roi,book-value-per-share,operating-cash-flow-per-share,free-cash-flow-per-share
2024-09-30,31.57300,10.52400,21.04900,29.27100,16.60100,0.13400,45.73800,-24.68900,4.72000,-19.96900,,-19.96900,-24.18000,-24.18000,-22.22700,-24.68900,371.73300,371.73300,-0.26000,-0.26000,6.14670,0.05530,0.05860,66.66770,-78.19660,-78.19660,-63.24710,-76.58440,0.04570,0.84460,106.55590,-4.19400,-5.90670,-3.49680,-3.96200,,-0.0126,-0.0456
2024-06-30,34.20900,12.98300,21.22600,18.14100,14.49800,0.30400,32.33500,-11.10900,1.75400,-9.35500,0.00900,-9.36400,-9.24200,-9.24200,-8.50400,-11.10900,373.10300,373.10300,-0.10000,-0.10000,8.28510,0.03630,0.03760,62.04800,-32.47390,-32.47390,-27.34660,-27.01630,0.05040,0.91330,98.54250,-1.57430,-2.19170,-1.36050,-1.51720,,-0.0202,-0.0323
2024-03-31,33.02100,12.79700,20.22400,18.13900,15.19400,0.47600,32.85700,-12.63300,2.59400,-10.03900,0.14000,-10.17900,-9.46300,-9.46300,-9.83400,-12.63300,372.18700,372.18700,-0.10000,-0.10000,7.84150,0.02910,0.03000,61.24590,-38.25750,-38.25750,-30.40190,-28.65750,0.04780,0.89630,100.41700,-1.58790,-2.20660,-1.37050,-1.54160,,-0.01740,-0.03720
2023-12-31,36.04100,13.37000,22.67100,16.31000,14.93100,0.21400,31.02700,-8.35600,5.92000,-2.43600,0.09900,-2.53500,-2.61100,-2.61100,-5.02200,-8.35600,99.59600,99.59600,-0.04000,-0.04000,4.59500,0.01790,0.01820,62.90340,-23.18480,-23.18480,-6.75900,-7.24450,0.05340,1.03960,86.57140,-0.43170,-0.59850,-0.38700,-0.42400,,-0.0923,-0.1964
2023-09-30,35.01600,12.59400,22.42200,20.04000,16.85900,0.62000,36.27900,-13.85700,-8.48600,-22.34300,0.16400,-22.50700,-22.51300,-22.51300,-10.40000,-13.85700,389.35900,389.35900,-0.23000,-0.23000,4.00220,,,64.03360,-39.57340,-39.57340,-63.80800,-64.29350,0.05250,1.00640,89.43200,-3.69970,-5.10450,-3.37690,-3.69970,,-0.0089,-0.0144
2023-06-30,34.03800,12.50200,21.53600,20.28500,17.85900,-31.52900,69.67300,-48.13700,3.02900,-45.10800,0.16900,-45.27700,-45.29300,-45.29300,-44.31100,-48.13700,402.11600,402.11600,-0.45000,-0.45000,4.62620,,,63.27050,-141.42140,-141.42140,-132.52250,-133.06600,0.04940,1.06320,84.65360,-7.15890,-9.73850,-6.57970,-7.15890,,-0.0144,-0.0164
2023-03-31,36.44300,13.59700,22.84600,21.03100,19.28500,0.49600,39.82000,-16.97400,0.09500,-16.87900,-0.01000,-16.86900,-16.80200,-16.80200,-13.01100,-16.97400,424.01700,424.01700,-0.16000,-0.16000,5.71350,,,62.68970,-46.57680,-46.57680,-46.31620,-46.10490,0.04800,1.06930,84.16680,-2.39190,-3.40690,-2.21280,-2.39190,,-0.02110,-0.02620
2022-12-31,40.11800,15.72700,24.39100,21.25500,21.42100,-11.83700,54.51300,-30.12200,-4.63800,-34.76000,0.27900,-35.03900,-35.05900,-35.05900,-26.32600,-30.12200,111.60680,111.60680,-0.32000,-0.32000,6.77540,,,60.79810,-75.08350,-75.08350,-86.64440,-87.38970,0.05010,1.22300,73.58970,-4.81410,-5.05460,-4.37850,-4.81410,6.82790,-0.3612,-0.3922
2022-09-30,40.98800,16.63900,24.34900,29.77100,25.86400,2.36500,53.27000,-28.92100,1.58100,-27.34000,0.13200,-27.47200,-27.69900,-27.69900,-24.99800,-28.92100,448.55400,448.55400,-0.25000,-0.25000,8.27090,,,59.40520,-70.55970,-70.55970,-66.70250,-67.57830,0.04900,1.23720,72.74570,-3.59670,-3.90660,-3.31430,-3.59670,,-0.0193,-0.0217
2022-06-30,40.97900,14.37000,26.60900,32.44200,22.06900,0.19000,54.32100,-27.71200,-3.24300,-30.95500,0.25500,-31.21000,-30.67800,-30.67800,-22.60000,-27.71200,446.61400,446.61400,-0.27000,-0.27000,9.84190,,,64.93330,-67.62490,-67.62490,-75.53870,-74.86270,0.04670,1.16000,77.58900,-3.82620,-4.14500,-3.49520,-3.82620,,-0.0536,-0.0546
2022-03-31,38.58500,14.51100,24.07400,31.03400,23.08600,1.03800,53.08200,-29.00800,2.10200,-26.90600,-0.00300,-26.90300,-26.94400,-26.94400,-25.95600,-29.00800,451.05800,451.05800,-0.24000,-0.24000,10.31990,,,62.39210,-75.17950,-75.17950,-69.73180,-69.83030,0.04210,1.29000,69.76550,-3.21110,-3.46850,-2.94030,-3.21110,,-0.03520,-0.03780
2021-12-31,40.38600,14.95900,25.42700,28.77900,23.13600,1.72800,50.18700,-24.76000,3.74300,-21.01700,0.48700,-21.50400,-21.17500,-21.17500,-20.88200,-24.76000,110.21600,110.21600,-0.31200,-0.31200,10.80830,,,62.96000,-61.30840,-61.30840,-52.04030,-52.43150,0.04270,1.23810,72.69130,-2.44440,-2.63560,-2.24070,-2.44440,7.70630,-0.125,-0.2131
2021-09-30,45.03800,15.68900,29.34900,29.66800,20.73000,0.21000,50.18800,-20.83900,-0.34900,-21.18800,-0.09300,-21.09500,-21.09500,-21.09500,-17.28500,-20.83900,443.73300,443.73300,-0.04800,-0.04800,10.90160,,,65.16500,-46.26980,-46.26980,-47.04470,-46.83820,0.04700,1.25220,71.87330,-2.40070,-2.58740,-2.19940,-2.40070,,-0.0314,-0.035
2021-06-30,42.33300,16.47400,25.85900,27.00300,18.28000,0.34200,44.94100,-19.08200,4.11300,-14.96900,0.42500,-15.39400,-15.39400,-15.39400,-15.47700,-19.08200,441.45000,441.45000,-0.14000,-0.14000,9.27360,,,61.08470,-45.07600,-45.07600,-35.36010,-36.36410,0.04290,1.26810,70.97020,-1.73260,-1.86700,-1.55950,-1.73260,,-0.0187,-0.0257
2021-03-31,40.22500,16.85300,23.37200,25.21600,14.45600,0.28800,39.38400,-16.01200,1.34200,-14.67000,0.02100,-14.69100,-14.69100,-14.69100,-13.11100,-16.01200,431.63700,431.63700,-0.14000,-0.14000,8.39510,,,58.10320,-39.80610,-39.80610,-36.46990,-36.52210,0.03980,1.16680,77.13710,-1.63860,-1.76560,-1.45320,-1.63860,,-0.00640,-0.01850
2020-12-31,33.25300,13.15700,20.09600,14.43800,14.10500,0.69800,27.84500,-7.74900,1.49500,-6.25400,-0.07100,-6.18300,-6.18300,193.99800,-6.23500,-7.74900,67.21200,67.21200,2.80000,2.80000,18.47400,,,60.43360,-23.30320,-23.30320,-18.80730,583.40010,0.04800,1.19440,75.34960,-0.94190,-0.94660,-0.89230,-0.94190,6.32710,0.0864,-0.0818
2020-09-30,30.84700,11.58300,19.26400,12.44900,10.77300,0.18100,23.04100,-3.77700,0.92600,-2.85100,0.07400,-2.92500,-2.92500,-2.92500,-2.58100,-3.77700,407.29800,407.29800,-0.03000,-0.03000,23.42290,,,62.45020,-12.24430,-12.24430,-9.24240,-9.48230,0.04510,1.06660,84.38070,-0.44580,-0.44580,-0.42720,-0.44580,,-0.0363,-0.0136
2020-06-30,33.90400,11.37700,22.52700,10.91900,9.30900,0.77000,19.45800,3.06900,0.12700,3.19600,0.19000,3.00600,3.00600,-157.81200,4.07400,3.06900,137.16760,137.16760,-4.60000,-4.60000,21.89450,,,66.44350,9.05200,9.05200,9.42660,-465.46720,0.04940,1.21350,74.16820,0.45900,0.45900,0.43840,0.45900,,0.0553,0.03
2020-03-31,35.56000,11.08200,24.47800,11.68800,9.54700,0.02300,21.21200,3.26600,0.09000,3.35600,0.36900,2.98700,2.98700,-36.37600,4.01100,3.26600,119.88200,119.88200,-1.21000,-1.21000,6.10270,,,68.83580,9.18450,9.18450,9.43760,-102.29470,0.18040,1.13830,79.06550,-1.87480,-1.87480,1.51510,-1.87480,-5.27740,-0.00770,-0.02850
2019-12-31,19.10500,6.43300,12.67200,7.12700,7.94700,0.03090,15.07400,-2.40200,0.27440,-2.13000,0.21260,-2.34260,-2.34300,-2.34300,-1.82500,-2.40200,28.92910,28.92910,-1.19000,-1.19000,6.66790,,,66.31770,-12.57260,-12.57260,-11.14890,-12.26380,0.14570,1.17590,76.53920,1.84060,1.84060,-1.78640,1.84060,-1.06900,0.0362,-0.0987
2019-09-30,17.06100,5.24800,11.81300,6.58800,6.43600,0.05800,12.96600,-1.15300,0.30200,-0.85100,0.26200,-1.11300,-1.11300,-18.84900,-0.63300,-1.15300,116.51300,116.51300,-0.65000,-0.65000,,,,69.23980,-6.75810,-6.75810,-4.98800,-110.48000,,,,,,,,,-0.0003,-0.0105
2019-06-30,14.90100,4.58400,10.31700,5.70800,6.60200,0.01400,12.29600,-1.97900,0.11200,-1.86700,0.13600,-2.00300,-2.00300,-13.04300,-1.55030,-1.97900,114.84200,114.84200,0.00000,0.00000,,,,69.23700,-13.28100,-13.28100,-12.52940,-87.53100,,,,,,,,,-0.1393,-0.1332
2019-03-31,13.36250,4.15150,9.21100,4.19960,5.56850,0.00490,9.76320,-0.55220,0.02460,-0.52760,0.19040,-0.71800,-0.71800,-13.38720,-0.20990,-0.55220,28.31130,28.31130,-0.48000,-0.48000,,,,68.93170,-4.13240,-4.13240,-3.94840,-100.18520,,,,,,,,,0.12780,0.10080
2018-12-31,,,,,,,,,,,,,,,,,,,,0.00000,,,,,,,,,,,,,,,,,0,0
