Date,revenue,cost-goods-sold,gross-profit,selling-general-administrative-expenses,other-operating-income-expenses,operating-expenses,operating-income,total-non-operating-income-expense,pre-tax-income,total-provision-income-taxes,income-after-taxes,income-from-continuous-operations,net-income,ebitda,ebit,basic-shares-outstanding,shares-outstanding,eps-basic-net-earnings-per-share,eps-earnings-per-share-diluted,current-ratio,long-term-debt-capital,debt-equity-ratio,gross-margin,operating-margin,ebit-margin,pre-tax-profit-margin,net-profit-margin,asset-turnover,inventory-turnover,receiveable-turnover,days-sales-in-receivables,roe,return-on-tangible-equity,roa,roi,book-value-per-share,operating-cash-flow-per-share,free-cash-flow-per-share
2024-09-30,2279.23600,1941.99600,337.24010,38.63600,-223.90300,295.67100,41.56910,-23.62400,17.94500,8.30000,9.64500,9.67400,8.22800,71.61210,41.56910,115.77100,117.88800,0.07000,0.07000,1.62710,0.79420,3.95440,14.79620,1.82380,1.82380,0.78730,0.36100,0.61800,8.21190,19.33360,4.65510,3.45490,-4.65040,0.26230,0.71100,2.41860,0.9193,0.6799
2024-06-30,2388.16300,2045.25000,342.91310,42.43600,-223.95200,299.96500,42.94820,-21.36700,21.58100,7.54600,14.03500,14.06300,12.61800,72.77020,42.94820,115.75800,116.88000,0.11000,0.11000,1.57620,0.79870,4.07350,14.35890,1.79840,1.79840,0.90370,0.52840,0.64550,8.14380,15.35030,5.86310,5.14940,-6.36270,0.38010,1.03670,2.35900,0.661,0.9082
2024-03-31,2072.45400,1782.03900,290.41520,42.15800,-221.40700,295.28100,-4.86570,-2.45700,-7.32300,-6.70700,-0.61600,-0.59400,-2.00800,25.56830,-4.86570,117.27500,117.27500,-0.02000,-0.02000,1.53360,0.80520,4.23570,14.01310,-0.23480,-0.23480,-0.35330,-0.09690,0.57240,7.11660,13.05800,6.89240,-0.22740,0.24920,-0.01640,-0.04430,2.25710,0.10880,-0.12310
2023-12-31,2233.04100,1913.06300,319.97710,38.10200,-223.91900,294.67000,25.30760,-22.90200,2.40500,1.31700,1.08800,1.12600,-0.37100,56.77660,25.30740,118.78200,119.60500,-0.01000,-0.01000,1.54070,0.79050,3.86670,14.32920,1.13330,1.13330,0.10770,-0.01660,0.61170,7.63410,16.57360,5.43030,0.40780,-0.48830,0.03080,0.08540,2.37680,0.4828,0.2227
2023-09-30,2622.05400,2269.56800,352.48580,44.11600,-230.58300,308.41200,44.07400,-14.57900,29.49500,7.99300,21.50200,21.48800,19.99100,76.05800,44.07400,118.38900,120.29200,0.17000,0.17000,1.48930,0.78390,3.71600,13.44310,1.68090,1.68090,1.12490,0.76240,0.70490,8.53030,14.60520,6.16220,7.49230,-10.51950,0.57770,1.61880,2.44500,0.2759,0.1684
2023-06-30,2469.14100,2131.00600,338.13500,42.66000,-222.95800,298.45500,39.68020,-20.16000,19.52000,5.01400,14.50600,14.47900,12.99700,71.06920,39.68020,119.89300,121.28000,0.11000,0.11000,1.51950,0.78840,3.79240,13.69440,1.60700,1.60700,0.79060,0.52640,0.67250,8.32050,18.20060,4.94490,5.21740,-6.58500,0.39440,1.10380,2.33510,0.2471,0.7402
2023-03-31,2088.49600,1815.32500,273.17110,40.41600,-195.40300,264.21800,8.95310,-13.60200,-4.64900,-2.15800,-2.49100,-2.52700,-3.99800,36.08410,8.95310,120.25300,120.25300,-0.03000,-0.03000,1.50080,0.78740,3.77710,13.07980,0.42870,0.42870,-0.22260,-0.19140,0.58160,7.41130,16.18500,5.56070,-0.91880,1.50060,-0.07040,-0.19530,2.28610,0.13210,1.67100
2022-12-31,2180.07800,1886.85900,293.21860,39.27400,-193.52400,259.50000,33.71880,-16.29500,17.42400,4.49700,12.92700,12.86000,11.36200,58.58580,33.71880,121.47600,123.22400,0.08000,0.12000,1.67360,0.77470,3.50080,13.44990,1.54670,1.54670,0.79920,0.52120,0.66970,8.50120,18.45330,4.87720,4.57830,-9.63080,0.39510,1.03140,2.33930,0.6263,1.6451
2022-09-30,2449.64700,2131.36700,318.28000,35.95400,-190.53300,252.54800,65.73190,-19.79600,45.93600,20.89800,25.03800,24.99400,23.49400,90.44790,65.73190,120.07400,130.38800,0.20000,0.17000,1.72210,0.77860,3.57950,12.99290,2.68330,2.68330,1.87520,0.95910,0.79300,9.49190,20.12260,4.47260,9.25680,-20.76690,0.80910,2.04990,2.24870,0.5192,1.327
2022-06-30,2540.26300,2255.40600,284.85690,32.95600,-179.27400,236.58300,48.27390,-7.33900,40.93500,9.15700,31.77800,31.80600,30.32000,71.04090,48.27390,121.52900,130.55800,0.25000,0.24000,1.55470,0.78620,3.86250,11.21370,1.90040,1.90040,1.61140,1.19360,0.86120,9.65450,27.17380,3.31200,12.94070,-24.82630,1.07830,2.76650,2.04690,0.313,0.1322
2022-03-31,1972.81100,1729.44200,243.36900,31.78500,-167.65900,224.08000,19.28910,-15.97500,3.31400,1.00500,2.30900,2.31800,0.82100,41.48110,19.28910,124.30100,125.43300,0.01000,0.00000,1.60110,0.78910,3.93550,12.33620,0.97770,0.97770,0.16800,0.04160,0.67080,7.89140,26.27160,3.42580,0.95890,-1.69360,0.07880,0.20230,1.96230,0.23970,0.13020
2021-12-31,1988.20500,1733.59100,254.61400,33.39700,-167.20500,226.25000,28.36450,-16.16500,12.19900,-0.65100,12.85000,12.93100,11.43100,58.66850,28.36410,124.41200,125.43700,0.10000,0.11000,1.67380,0.78120,3.75520,12.80620,1.42660,1.42660,0.61360,0.57490,0.67570,8.76280,31.89190,2.82200,5.09740,-9.94960,0.43950,1.11520,2.03870,0.3765,0.9294
2021-09-30,2035.02300,1761.19700,273.82590,32.69600,-164.37600,219.10300,54.72290,-14.42800,40.29500,4.79500,35.50000,35.58500,34.08500,74.86490,54.72290,124.42800,133.92500,0.27000,0.25000,1.71780,0.79090,3.85410,13.45570,2.68910,2.68910,1.98010,1.67490,0.72460,9.31720,30.74890,2.92690,14.79150,-23.82240,1.26710,3.09220,1.93350,0.449,0.3379
2021-06-30,1909.81400,1651.06100,258.75290,31.86100,-155.86300,212.99700,45.75600,-11.99700,33.75900,8.21200,25.54700,25.57300,24.08500,69.90800,45.75600,124.42800,133.03200,0.19000,0.19000,1.59470,0.81590,4.51530,13.54860,2.39580,2.39580,1.76770,1.26110,0.68960,9.01660,28.20160,3.19130,12.48140,-14.32610,0.92340,2.29830,1.64660,0.3529,0.5125
2021-03-31,1484.35600,1273.55200,210.80400,26.71300,-146.61000,197.56500,13.23900,-28.61700,-15.37800,-0.72200,-14.65600,-14.66200,-16.13800,34.81200,13.23900,124.36100,124.36100,-0.13000,-0.13000,1.44760,0.83050,5.10500,14.20170,0.89190,0.89190,-1.03600,-1.08720,0.56000,7.44230,25.77140,3.49220,-8.17640,7.09130,-0.55320,-1.38630,1.44120,0.09070,-0.04320
2020-12-31,1335.99900,1125.85700,210.14200,29.60100,-147.72700,201.66800,8.47400,-20.48000,-12.00600,-6.67000,-5.33600,-6.17000,-10.69400,33.87000,8.47390,71.07400,71.07400,-0.15000,-0.15000,1.57450,0.83010,5.14090,15.72920,0.63430,0.63430,-0.89870,-0.80040,0.48760,6.87820,28.46180,3.16210,-3.22330,3.07500,-0.22520,-0.54760,1.54210,0.674,0.4608
2020-09-30,960.07800,753.22900,206.84900,25.40300,-133.16100,174.73510,32.11400,-10.26100,21.85300,4.67200,17.18100,17.15700,9.68800,47.87900,32.11400,71.39000,71.39000,0.14000,0.14000,0.12820,,,21.54500,3.34490,3.34490,2.27620,1.00910,2.36780,,11431.81000,0.00790,343.13990,343.13790,4.23130,343.13990,0.40770,0.3054,0.1984
2020-06-30,814.27500,601.46800,212.80700,20.52700,-127.75600,165.09700,47.71000,-12.51300,35.19700,2.51000,32.68700,32.50900,21.89500,61.96300,47.71000,69.49000,69.49000,0.32000,0.32000,4.31250,,,26.13450,5.85920,5.85920,4.32250,2.68890,2.00720,,11062.47000,0.00810,650.17990,650.17990,8.01340,650.17990,0.41950,1.1082,0.9991
2020-03-31,899.88000,738.89400,160.98600,18.89300,-133.00600,168.97000,-7.98390,-6.65100,-14.63500,-2.01100,-12.62400,-12.85700,-10.45600,8.48710,-7.98390,66.73100,66.73100,-0.16000,-0.16000,0.75100,,,17.88970,-0.88720,-0.88720,-1.62630,-1.16190,2.21230,,,,-257.14000,-257.14000,-3.16070,-257.14000,0.42020,0.35830,0.17780
2019-12-31,,,,,,,,,,,,,,,,,,,0.00000,,,,,,,,,,,,,,,,,,0,0
2019-09-30,,,,,-0.29200,,-0.29200,2.13880,1.84670,0.38780,1.45890,1.45890,1.45890,-0.29200,-0.29200,11.86400,11.86400,-0.01000,-0.01000,,,,,,,,,,,,,,,,,,0,0
2019-06-30,,,,,-0.05210,,-0.05210,0.48260,0.43040,0.09040,0.34000,0.34000,0.34000,-0.05210,-0.05210,9.38700,9.38700,0.00000,0.00000,,,,,,,,,,,,,,,,,,0,0
2018-12-31,,,,,,,,,,,,,,,,,,,0.00000,,,,,,,,,,,,,,,,,,0,0
