Date,revenue,cost-goods-sold,gross-profit,selling-general-administrative-expenses,other-operating-income-expenses,operating-expenses,operating-income,total-non-operating-income-expense,pre-tax-income,total-provision-income-taxes,income-after-taxes,income-from-continuous-operations,net-income,ebitda,ebit,basic-shares-outstanding,shares-outstanding,eps-basic-net-earnings-per-share,eps-earnings-per-share-diluted,current-ratio,long-term-debt-capital,debt-equity-ratio,gross-margin,operating-margin,ebit-margin,pre-tax-profit-margin,net-profit-margin,asset-turnover,inventory-turnover,receiveable-turnover,days-sales-in-receivables,roe,return-on-tangible-equity,roa,roi,book-value-per-share,operating-cash-flow-per-share,free-cash-flow-per-share
2024-09-30,6823.31900,6038.49100,784.82760,534.50800,,609.56600,175.26220,-59.16700,116.09500,15.19800,100.89700,100.89700,100.56700,224.34120,175.26220,53.01000,53.47500,1.90000,1.88000,1.46410,0.28140,0.54230,11.50210,2.56860,2.56860,1.70140,1.47390,0.32590,1.33310,0.58190,154.67460,1.67160,2.62300,0.48200,1.20130,114.78270,1.6827,1.3238
2024-06-30,6892.86800,6046.42400,846.44430,552.59500,,634.16900,212.27540,-72.88900,139.38600,29.76200,109.62400,109.62400,108.69800,261.56540,212.27540,53.64000,54.18100,2.03000,2.01000,1.48120,0.29900,0.57440,12.28000,3.07960,3.07960,2.02220,1.57700,0.34280,1.29900,0.63320,142.14480,1.88550,3.00430,0.54520,1.32180,109.81300,5.9956,5.5814
2024-03-31,6924.26000,6066.43400,857.82570,583.32600,,671.90900,185.91650,-80.78300,105.13400,22.03600,83.09800,83.09800,83.60100,241.09050,185.91650,54.25100,54.81500,1.54000,1.53000,1.48770,0.31330,0.62020,12.38870,2.68500,2.68500,1.51830,1.20740,0.34170,1.26460,0.62590,143.78930,1.44030,2.31110,0.41010,0.98910,108.38510,7.35580,6.81700
2023-12-31,7849.15800,6859.60700,989.55130,590.03890,,672.87200,316.67970,-66.65000,250.02900,53.82300,196.20600,196.20600,194.53700,366.54870,316.68070,56.35900,57.03500,3.63000,3.59000,1.38970,0.26820,0.64780,12.60710,4.03460,4.03460,3.18540,2.47840,0.36130,1.32240,0.64140,140.32420,3.33840,5.30370,0.90310,2.44320,109.22130,4.9314,4.4974
2023-09-30,8007.01900,7027.42200,979.59720,563.15000,,639.51400,340.08350,-87.80100,252.28200,52.24100,200.04100,200.04100,198.65900,391.60750,340.08350,55.59700,56.29800,3.57000,3.53000,1.44990,0.32010,0.75690,12.23420,4.24730,4.24730,3.15080,2.48110,0.38800,1.21050,0.75090,119.85540,3.60210,5.88930,0.96930,2.44890,102.54780,5.7461,5.3668
2023-06-30,8514.51600,7448.46700,1066.04900,617.20200,,673.79900,392.24950,-82.07900,310.17100,72.38000,237.79100,237.79100,236.55900,447.36550,392.24950,56.72000,57.35500,4.17000,4.12000,1.60570,0.39380,0.73590,12.52040,4.60680,4.60680,3.64290,2.77830,0.41460,1.36610,0.77150,116.65150,4.20540,6.85800,1.15790,2.54940,101.58590,-2.0715,-2.3803
2023-03-31,8736.42800,7622.60600,1113.82200,642.43100,,691.66900,422.15230,-70.28000,351.87200,76.54700,275.32500,275.32500,273.75000,488.32830,422.15230,58.73100,59.47900,4.66000,4.60000,1.62340,0.39910,0.68990,12.74920,4.83210,4.83210,4.02760,3.13340,0.43090,1.37950,0.81990,109.77340,4.91640,8.06720,1.35790,2.95440,98.25220,3.76270,3.42460
2022-12-31,9323.02300,8117.02800,1205.99500,635.09000,,683.40000,522.59570,-51.81600,470.78010,116.71900,354.06100,354.06100,349.40210,576.11170,522.59570,64.83800,65.45300,5.70000,5.68000,1.48030,0.36190,0.67240,12.93570,5.60540,5.60540,5.04970,3.74770,0.42840,1.52590,0.75660,118.95760,6.30970,10.33880,1.62690,4.02600,94.70800,1.6763,1.3149
2022-09-30,9266.43200,8079.52000,1186.91200,634.35300,,684.21800,502.69340,-53.58800,449.10600,105.50000,343.60600,343.60600,342.39900,552.69640,502.69340,64.22800,64.97900,5.33000,5.27000,1.50040,0.37540,0.71500,12.80870,5.42490,5.42490,4.84660,3.69500,0.45190,1.58940,0.82600,108.96050,6.47980,10.88370,1.67570,4.04730,85.38950,2.0491,1.7482
2022-06-30,9460.84200,8224.62800,1236.21400,653.64000,,703.38600,532.82810,-46.92000,485.90800,114.41300,371.49500,371.49500,370.33400,593.96510,532.82810,66.07800,66.85100,5.60000,5.54000,1.48870,0.34600,0.64510,13.06660,5.63190,5.63190,5.13600,3.91440,0.47560,1.68310,0.87180,103.22890,6.88170,11.60250,1.86730,4.50040,83.56090,-1.3181,-1.5799
2022-03-31,9074.12500,7866.62100,1207.50400,643.92500,,697.12900,510.37500,-32.02000,478.35600,112.36000,365.99600,365.99600,364.74900,576.03100,510.37500,67.84000,68.74900,5.38000,5.31000,1.49380,0.33950,0.57250,13.30710,5.62450,5.62450,5.27160,4.01970,0.46500,1.69350,0.85430,105.35170,6.74160,11.52420,1.87570,4.45270,81.71480,-2.91270,-3.19300
2021-12-31,9016.07900,7819.69900,1196.38000,632.49600,,684.44400,511.93650,-32.60600,479.32600,107.83800,371.48810,371.48810,371.20810,566.64360,511.93460,72.47200,73.38500,5.21000,5.15000,1.40320,0.29590,0.49190,13.26940,5.67800,5.67800,5.31630,4.11720,0.46150,1.86100,0.81050,111.04110,6.95560,12.11860,1.90160,4.89750,78.46570,0.3203,0.0435
2021-09-30,8512.39100,7436.61900,1075.77100,625.88300,,670.90700,404.86430,-31.38600,373.47900,82.92900,290.55000,290.55000,290.02700,460.55730,404.86430,71.67100,72.57100,4.05000,4.00000,1.44450,0.28030,0.45700,12.63770,4.75620,4.75620,4.38750,3.40710,0.48840,1.93920,0.91240,98.63840,5.54740,9.87280,1.66690,3.99250,74.76560,1.6786,1.3796
2021-06-30,8562.63100,7562.52600,1000.10500,602.08400,,659.58200,340.52250,-25.20700,315.31500,74.11300,241.20200,241.20200,240.64100,397.80550,340.52250,73.69300,74.61100,3.27000,3.23000,1.44200,0.26510,0.42900,11.67990,3.97680,3.97680,3.68250,2.81040,0.50840,2.07990,0.96790,92.98600,4.61680,8.30580,1.43210,3.39300,72.42320,3.7703,3.4903
2021-03-31,8385.91900,7455.80900,930.10990,574.56700,,630.60700,299.50290,-31.24900,268.25400,61.02600,207.22800,207.22800,206.32100,363.05690,299.50290,74.88200,75.79400,2.76000,2.72000,1.47350,0.26750,0.43440,11.09130,3.57150,3.57150,3.19890,2.46030,0.51850,2.27630,0.98620,91.25670,3.97410,7.17380,1.28130,2.91120,70.46740,-0.05980,-0.03360
2020-12-31,8454.19200,7530.50500,923.68700,547.53020,,602.27700,321.41060,-25.09400,296.31800,59.34200,236.97600,236.97600,236.07100,376.50060,321.41060,77.99200,78.63500,3.03000,3.01000,1.44050,0.28950,0.43830,10.92580,3.80180,3.80180,3.50500,2.79240,0.49570,2.29080,0.91840,97.99650,4.60240,8.46440,1.38960,3.27000,68.79670,2.4398,2.015
2020-09-30,7231.26000,6442.67000,788.58980,504.21100,-2.30500,550.40800,238.18160,-27.07900,211.10300,44.70700,166.39600,166.39600,166.06000,291.19870,238.18160,77.39000,78.08600,2.15000,2.13000,1.47320,0.30250,0.46800,10.90530,3.29380,3.29380,2.91930,2.29640,0.46660,1.99110,0.90860,99.05340,3.43950,6.59730,1.07380,2.39920,63.88350,3.6813,3.2861
2020-06-30,6606.49400,5856.03100,750.46340,501.47000,-4.91800,553.85000,196.61330,-22.42200,174.19100,40.85400,133.33700,133.33700,132.80400,251.82230,196.61330,78.67700,79.22600,1.69000,1.68000,1.45020,0.30640,0.49320,11.35950,2.97610,2.97610,2.63670,2.01020,0.42340,1.71180,0.83060,108.35750,2.80710,5.44610,0.85450,1.94700,61.19650,5.4159,5.0092
2020-03-31,6381.41700,5653.02600,728.39110,533.83900,,590.08700,138.30420,-60.65700,77.64700,27.89200,49.75500,49.75500,49.50300,199.33420,138.30420,80.40700,81.10800,0.62000,0.61000,1.46440,0.32340,0.55920,11.41430,2.16730,2.16730,1.21680,0.77570,0.41460,1.69540,0.81630,110.24690,1.07010,2.12290,0.32330,0.72400,59.10420,5.75610,5.41120
2019-12-31,7338.19100,6515.24800,822.94380,513.87810,-5.81300,584.83200,238.11130,-68.46000,169.64800,57.46000,112.18800,112.18800,112.01300,294.48330,238.10990,83.56800,83.56800,1.28000,1.31000,1.51680,0.35170,0.61060,11.21450,3.24480,3.24480,2.31190,1.52640,0.44740,1.87370,0.86510,104.03680,2.30540,4.42880,0.68400,1.49450,60.36210,5.912,5.5545
2019-09-30,7078.11800,6279.27700,798.84130,522.44600,-14.82600,625.62300,173.21830,-50.89700,122.32100,29.34000,92.98100,92.98100,92.13100,225.56930,173.21830,82.71100,83.39700,1.11000,1.10000,1.60610,0.38280,0.69540,11.28610,2.44720,2.44720,1.72820,1.30160,0.45110,1.79230,0.90260,99.71110,1.95990,3.83360,0.59260,1.20970,58.02370,3.4523,3.0607
2019-06-30,7344.54800,6529.63900,814.90870,599.21200,-697.99300,1364.09900,-549.19040,-50.93000,-600.12000,-52.36900,-547.75100,-547.75100,-548.96600,-493.66940,-549.19040,84.65200,84.65200,-6.48000,-6.48000,1.64140,0.39560,0.71260,11.09540,-7.47750,-7.47750,-8.17100,-7.47450,0.45830,1.81550,0.92080,97.74520,-11.35770,-22.22130,-3.41820,-6.86410,58.00650,4.7141,4.1416
2019-03-31,7155.99100,6294.30300,861.68800,556.07600,-0.86600,616.12900,245.55960,-49.23900,196.32100,53.90700,142.41400,142.41400,140.73500,312.17560,245.55960,85.40000,86.31900,1.65000,1.63000,1.74210,0.39390,0.67520,12.04150,3.43150,3.43150,2.74340,1.96670,0.42520,1.68530,0.90550,99.38900,2.58870,5.69730,0.84620,1.56890,64.59100,-3.81140,-4.20320
2018-12-31,7918.18200,6942.81100,975.37160,583.94310,,640.99100,334.37990,-69.41500,264.96500,32.47400,232.49100,232.49100,230.65300,389.69690,334.38040,87.47600,88.44400,2.65000,2.63000,1.54810,0.37600,0.64830,12.31810,4.22290,4.22290,3.34630,2.91300,0.44520,1.79000,0.88520,101.67630,4.32430,9.77250,1.30730,2.69850,63.10960,2.9754,2.6903
2018-09-30,7490.44500,6566.66700,923.77780,575.75100,-2.04200,633.46800,290.30960,-55.08300,235.22700,57.05400,178.17300,178.17300,176.53300,348.28360,290.30960,87.60200,88.60800,2.02000,1.99000,1.62210,0.38730,0.66210,12.33280,3.87570,3.87570,3.14040,2.35680,0.44120,1.76390,0.91020,98.88350,3.36050,7.64940,1.04940,2.05880,60.82210,5.5769,5.1438
2018-06-30,7392.52800,6459.70800,932.81980,580.38800,,645.99300,286.82670,-64.10600,222.72100,51.68100,171.04000,171.04000,169.91500,345.86770,286.82670,87.80200,88.65200,1.94000,1.92000,1.68560,0.41660,0.73640,12.61840,3.88000,3.88000,3.01280,2.29850,0.44140,1.71080,0.91530,98.33180,3.31000,7.89940,1.02120,1.93100,59.13330,-4.6259,-4.9864
2018-03-31,6875.61300,6006.66900,868.94380,562.96900,-1.56200,632.94900,235.99510,-49.53500,186.46000,46.59000,139.87000,139.87000,139.09400,296.28510,235.99510,87.95500,89.03500,1.58000,1.56000,1.69190,0.40690,0.69360,12.63810,3.43240,3.43240,2.71190,2.02300,0.42640,1.68130,0.93190,96.58210,2.71650,6.67030,0.86740,1.61110,58.76300,-0.84320,-1.23340
2017-12-31,7539.44900,6610.27000,929.17920,562.08190,,642.35500,286.82370,-59.91000,226.91400,171.41300,55.50100,55.50100,53.65300,336.14770,286.82320,88.68100,89.76600,0.61000,0.60000,1.56050,0.36980,0.65820,12.32420,3.80430,3.80430,3.00970,0.71160,0.45810,2.00160,0.92790,96.99690,1.11050,2.47590,0.33720,0.69980,56.99490,1.3677,0.7658
2017-09-30,6856.10800,6013.54100,842.56690,552.65600,,607.12600,235.44040,-54.56000,180.88100,45.97200,134.90900,134.90900,134.06400,282.92440,235.44040,88.45300,89.54000,1.52000,1.50000,1.58180,0.36270,0.64630,12.28930,3.43400,3.43400,2.63820,1.95540,0.45530,1.89780,0.96970,92.81600,2.73910,6.28260,0.89600,1.74570,55.99410,1.5016,0.9661
2017-06-30,6422.22600,5598.20200,824.02390,531.78100,,593.57800,230.44580,-100.20700,130.23900,29.59200,100.64700,100.64700,99.72200,277.64280,230.44580,88.87600,89.83700,1.12000,1.11000,1.58760,0.35740,0.64600,12.83080,3.58830,3.58830,2.02790,1.55280,0.45230,1.83830,0.98330,91.53070,2.11850,5.06640,0.70880,1.36140,53.82860,-1.251,-1.5144
2017-03-31,5736.78000,4975.58300,761.19680,515.52600,,568.17200,193.02490,-37.14200,155.88300,39.56400,116.31900,116.31900,114.73700,241.74090,193.02490,89.26200,90.54100,1.29000,1.27000,1.57200,0.35060,0.64330,13.26870,3.36470,3.36470,2.71730,2.00000,0.42750,1.71250,0.97780,92.04580,2.55260,6.37110,0.86680,1.65780,51.25480,-0.23070,-0.82970
2016-12-31,6105.50100,5282.03200,823.46920,512.37610,,550.28400,273.18510,-54.87300,218.31300,53.29000,165.02290,165.02290,164.58300,320.90610,273.18510,90.96000,92.03300,1.84000,1.81000,1.54230,0.37650,0.62480,13.48740,4.47440,4.47440,3.57570,2.69570,0.42980,1.84970,0.90500,99.45160,3.69540,9.50310,1.16160,2.30420,50.22460,2.3777,1.9624
2016-09-30,5936.09200,5162.93000,773.16160,510.01700,,574.47800,198.68360,-35.91800,162.76600,44.93100,117.83500,117.83500,117.72700,249.38560,198.68360,90.93700,91.93800,1.29000,1.28000,1.66410,0.37640,0.62100,13.02480,3.34700,3.34700,2.74200,1.98320,0.45180,1.98160,1.00410,89.63600,2.63000,7.00300,0.89690,1.63990,50.01300,0.2888,-0.1324
2016-06-30,5972.10100,5173.31000,798.79100,518.70400,,575.19900,223.59180,-36.79700,186.79500,51.45700,135.33800,135.33800,134.27000,274.37880,223.59180,91.78200,92.69300,1.46000,1.45000,1.65550,0.37050,0.61370,13.37540,3.74390,3.74390,3.12780,2.24830,0.46130,2.06590,1.04690,85.96920,3.04210,8.13170,1.04530,1.91480,48.70100,1.6042,1.1821
2016-03-31,5474.17700,4725.27900,748.89790,505.81300,,567.53400,181.36380,-33.71900,147.64500,41.05300,106.59200,106.59200,106.23500,231.17380,181.36380,91.51400,92.78700,1.16000,1.14000,1.71260,0.37720,0.61620,13.68060,3.31310,3.31310,2.69710,1.94070,0.44320,1.93520,1.04150,86.41340,2.43690,6.86110,0.86290,1.51770,47.74030,-0.36260,-0.89350
2015-12-31,6751.34200,5912.37500,838.96730,529.08900,,584.65800,254.30910,-33.79500,220.51600,61.10800,159.40800,159.40800,158.49200,305.70010,254.30910,94.60800,95.68600,1.69000,1.68000,1.51690,0.36200,0.57800,12.42670,3.76680,3.76680,3.26630,2.34760,0.51850,2.39710,1.09570,82.13590,3.80010,11.09580,1.22420,2.42430,46.13590,5.7342,5.3385
2015-09-30,5698.30400,4955.93700,742.36720,497.87600,,556.57300,185.79440,-33.73500,152.05900,41.75500,110.30400,110.30400,109.24400,238.51240,185.79440,94.30200,95.36300,1.16000,1.15000,1.76570,0.39480,0.67280,13.02790,3.26050,3.26050,2.66850,1.91710,0.47460,1.99920,1.12490,80.00540,2.61840,7.70700,0.91870,1.58460,45.04070,-1.1071,-1.5805
2015-06-30,5829.98900,5061.39400,768.59470,504.75400,,561.65200,206.94290,-34.29300,172.65000,47.96700,124.68300,124.68300,123.93200,258.77990,206.94290,95.63800,96.64900,1.30000,1.28000,1.66820,0.37840,0.62950,13.18350,3.54960,3.54960,2.96140,2.12580,0.48130,2.01020,1.14660,78.49210,2.98290,8.81970,1.02940,1.85420,44.27140,4.758,4.3666
2015-03-31,5002.38500,4317.06300,685.32180,454.53000,,507.88800,177.43410,-30.47600,146.95800,40.86700,106.09100,106.09100,106.05800,224.51610,177.43410,95.92000,97.12500,1.11000,1.09000,1.79620,0.37940,0.61470,13.69990,3.54700,3.54700,2.93780,2.12010,0.44890,1.91430,1.02620,87.69890,2.64020,6.73800,0.95200,1.63850,42.00110,-2.48750,-2.80820
2014-12-31,6396.87800,5581.02100,815.85740,506.07400,,639.43000,176.42720,-27.37800,149.05400,32.76800,116.28600,116.28600,116.17700,227.76720,176.42820,98.67500,99.94700,1.20000,1.18000,1.54720,0.33210,0.50050,12.75400,2.75800,2.75800,2.33010,1.81620,0.51440,2.38990,1.05840,85.03310,2.79610,6.62980,0.93510,1.86750,43.36940,4.5712,4.2255
2014-09-30,5613.21600,4884.52900,728.68700,485.86400,,528.87100,199.81590,4.41300,204.22900,57.37700,146.85200,146.85200,146.86400,250.00390,199.81590,98.63100,99.86600,1.49000,1.47000,1.74970,0.34220,0.52420,12.98160,3.55970,3.55970,3.63840,2.61640,0.49620,2.17790,1.10910,81.14530,3.45450,8.37900,1.29830,2.27250,43.35620,-0.6535,-0.9169
2014-06-30,5676.53900,4929.01800,747.52100,489.90800,,539.25200,208.26900,-27.73900,180.53000,52.47000,128.06000,128.06000,127.88400,258.35210,208.26900,99.44900,100.56200,1.29000,1.27000,1.68130,0.32810,0.49240,13.16860,3.66890,3.66890,3.18030,2.25290,0.49110,2.14750,1.10490,81.45840,2.97250,7.08710,1.10780,1.99720,43.60340,1.5956,1.3029
2014-03-31,5082.04000,4378.21200,703.82810,477.90300,,526.08700,177.74070,-28.22000,149.52000,42.32800,107.19200,107.19200,107.12000,224.10770,177.74070,99.94800,101.39900,1.07000,1.06000,1.74230,0.33650,0.51100,13.84930,3.49740,3.49740,2.94210,2.10780,0.46060,2.09040,1.04860,85.82610,2.53650,6.26290,0.97160,1.68310,42.42710,1.22330,0.89940
2013-12-31,6153.36000,5365.73400,787.62650,497.43890,,550.28900,237.33740,-25.33500,212.00200,77.08300,134.91900,134.91900,134.83100,284.61440,237.33690,102.55900,103.69900,1.32000,1.32000,1.61940,0.34720,0.53770,12.79990,3.85700,3.85700,3.44530,2.19120,0.51020,2.47580,1.06650,84.38940,3.22400,7.84660,1.11860,2.10450,41.87510,2.0283,1.7489
2013-09-30,5048.21100,4376.55100,671.66020,453.92000,,508.92400,162.73630,-25.28300,137.45300,40.49000,96.96300,96.96300,96.77900,206.63730,162.73630,100.75000,101.66900,0.96000,0.95000,1.78370,0.32180,0.48220,13.30490,3.22360,3.22360,2.72280,1.91710,0.48700,2.02060,1.10500,81.44860,2.40400,5.08320,0.93540,1.63040,40.04650,0.8324,0.5066
2013-06-30,5306.08500,4616.51300,689.57180,470.87400,,533.69700,155.87450,-28.83900,127.03600,37.00000,90.03600,90.03600,89.93500,195.27250,155.87450,103.22500,104.02400,0.87000,0.86000,1.74560,0.35150,0.54850,12.99590,2.93770,2.93770,2.39420,1.69490,0.50500,2.19340,1.12330,80.12010,2.35440,5.22020,0.85690,1.52680,38.21130,3.1493,2.8825
2013-03-31,4849.62900,4207.55700,642.07180,451.40500,,504.52000,137.55220,-31.82400,105.72800,27.77000,77.95800,77.95800,77.87500,175.04030,137.55220,105.88900,107.82400,0.74000,0.72000,1.86020,0.36060,0.57350,13.23960,2.83630,2.83630,2.18010,1.60580,0.46810,2.03610,1.07930,83.38940,1.99450,4.32990,0.75250,1.27520,37.20920,-1.66390,-1.91200
2012-12-31,5402.70600,4695.86100,706.84420,480.10310,,442.67400,264.17040,-19.88700,244.28100,69.46000,174.82100,174.82100,174.70400,304.30140,264.17040,109.24000,111.07700,1.63000,1.60000,1.57130,0.28480,0.48950,13.08320,4.88960,4.88960,4.52150,3.23360,0.50090,2.28760,1.09720,82.02390,4.38440,9.39080,1.62090,3.13590,37.61630,1.6431,1.3204
2012-09-30,4962.33100,4299.61200,662.71920,456.52100,,498.90200,163.81740,-21.80200,142.01500,38.32300,103.69200,103.69200,103.61700,202.35140,163.81740,108.30100,109.89400,0.96000,0.94000,1.56360,0.29160,0.51150,13.35500,3.30120,3.30120,2.86190,2.08810,0.49250,2.06770,1.14420,78.65420,2.73210,6.22790,1.02920,1.93550,35.57610,1.6585,1.407
2012-06-30,5150.56300,4463.41900,687.14400,457.07300,,498.45600,188.68850,-27.12700,161.56200,47.08100,114.48100,114.48100,114.38300,223.61450,188.68850,110.43300,112.03100,1.04000,1.02000,1.72180,0.34460,0.53310,13.34110,3.66350,3.66350,3.13680,2.22080,0.51330,2.15130,1.17010,76.91410,3.07440,6.82030,1.14080,2.01490,34.22950,0.5812,0.34
2012-03-31,4889.52900,4208.95000,680.57860,455.83700,,493.13000,187.44870,-24.94800,162.50100,48.77800,113.72300,113.72300,113.62800,223.75370,187.44870,112.00200,114.07700,1.01000,1.00000,1.88710,0.37140,0.59890,13.91910,3.83370,3.83370,3.32340,2.32390,0.48230,2.09250,1.16210,77.44880,2.98580,6.41470,1.12170,1.87680,34.14530,2.19440,1.99940
2011-12-31,5440.47200,4695.66300,744.80860,469.75710,,512.62500,232.18360,-28.06900,204.11410,29.98400,174.13000,174.13000,174.08800,269.86260,232.18410,114.02500,115.93200,1.55000,1.53000,1.77440,0.34410,0.53370,13.69020,4.26770,4.26770,3.75180,3.19990,0.55350,2.39100,1.21380,74.14630,4.73790,9.62490,1.77160,3.10780,32.86940,1.2656,1.0507
2011-09-30,5186.85700,4475.71800,711.13920,467.32500,,501.97700,209.16160,-23.04600,186.11600,53.73800,132.37800,132.37800,132.21600,244.06760,209.16160,113.37800,114.94000,1.17000,1.15000,1.65090,0.33620,0.62860,13.71040,4.03250,4.03250,3.58820,2.54910,0.52560,2.04020,1.24260,72.42620,3.74270,6.40640,1.34140,2.48430,31.65580,1.0089,0.7547
2011-06-30,5539.93100,4769.78400,770.14700,490.59000,,521.81700,248.33010,-25.12800,223.20200,66.89100,156.31100,156.31100,156.19700,285.15710,248.33010,115.43400,117.46900,1.35000,1.33000,1.58560,0.30090,0.58200,13.90170,4.48250,4.48250,4.02900,2.81950,0.55010,2.12170,1.27430,70.62670,4.30130,7.10040,1.55220,3.00690,31.62070,0.2982,-0.0607
2011-03-31,5223.00300,4500.49500,722.50780,464.92000,-5.87500,503.34000,219.16800,-22.79900,196.36900,59.87200,136.49700,136.49700,136.30900,252.46300,219.16800,115.21500,117.42800,1.18000,1.16000,1.60450,0.31010,0.57920,13.83320,4.19620,4.19620,3.75970,2.60980,0.54520,2.16890,1.26650,71.06460,3.93650,6.54350,1.42490,2.71580,30.04410,-1.53000,-1.68480
2010-12-31,5238.16100,4554.75800,683.40280,423.63410,,451.61000,231.79350,-17.40600,214.38900,56.50000,157.88900,157.88900,157.88900,261.63350,231.79350,117.99700,119.57700,1.36000,1.34000,1.63150,0.35140,0.56050,13.04660,4.42510,4.42510,4.09280,3.01420,0.54560,2.38600,1.27670,70.49390,4.85630,9.84350,1.64460,3.15000,28.35830,3.8869,3.6516
2010-09-30,4657.84100,4049.04700,608.79370,390.72700,,424.27500,184.51900,-17.28800,167.23100,48.72900,118.50200,118.50200,118.50200,212.25000,184.51900,116.95800,118.23500,1.01000,1.00000,1.70620,0.34130,0.52360,13.07030,3.96150,3.96150,3.59030,2.54410,0.53480,2.01070,1.29290,69.61290,3.77310,6.27780,1.36070,2.48530,27.12230,-0.2366,-0.4693
2010-06-30,4613.30700,4024.83100,588.47610,375.87600,,399.28500,189.19090,-19.14000,170.05100,53.85800,116.19300,116.19300,116.19300,216.08290,189.19090,119.22800,120.58500,0.97000,0.96000,1.65740,0.30150,0.45800,12.75610,4.10100,4.10100,3.68610,2.51860,0.57750,2.22890,1.36770,65.80210,3.97090,6.09350,1.45460,2.77380,24.83620,0.511,0.352
2010-03-31,4235.36600,3697.43300,537.93310,366.74900,,392.66300,145.27000,-17.93800,127.33200,40.29100,87.04100,87.04100,87.04600,172.77200,145.27000,120.22300,121.90600,0.72000,0.71000,1.84090,0.30030,0.47320,12.70100,3.42990,3.42990,3.00640,2.05520,0.56820,2.50390,1.37440,65.48480,2.95870,4.29550,1.16760,2.07010,24.43310,-2.31500,-2.48490
2009-12-31,4202.98400,3706.34300,496.64180,339.92100,,381.34700,115.29440,-23.63700,91.65900,28.54800,63.11100,63.11100,63.09300,144.17640,115.29490,119.80000,120.48900,0.53000,0.53000,1.75250,0.30430,0.47960,11.81640,2.74320,2.74320,2.18080,1.50110,0.54150,2.65180,1.34020,67.15530,2.16330,3.16980,0.81300,1.50500,24.34570,1.6776,1.4888
2009-09-30,3671.86500,3250.80400,421.06100,321.50300,,376.00500,45.05620,-21.46200,23.59400,11.01800,12.57600,12.57600,12.58100,68.71820,45.05620,119.88800,120.78500,0.10000,0.10000,1.90820,0.30980,0.49860,11.46720,1.22710,1.22710,0.64260,0.34260,0.51170,2.48470,1.35590,66.37420,0.44180,0.64900,0.17530,0.30490,23.76770,0.9127,0.704
2009-06-30,3391.82300,2989.62900,402.19410,315.02800,,350.99600,51.19800,-16.05500,35.14300,14.06100,21.08200,21.08200,21.09700,76.16700,51.19800,119.78300,120.31700,0.18000,0.18000,1.94280,0.30540,0.45590,11.85780,1.50950,1.50950,1.03610,0.62200,0.49850,2.19950,1.33730,67.30160,0.76220,1.13090,0.30990,0.52940,23.12660,2.5431,2.2481
2009-03-31,3417.42800,2986.43200,430.99610,329.11400,,369.75900,61.23710,-22.71200,38.52500,11.78900,26.73600,26.73600,26.74100,83.76810,61.23710,119.57000,120.13300,0.22000,0.22000,1.99920,0.31180,0.46780,12.61170,1.79190,1.79190,1.12730,0.78250,0.52840,2.06520,1.39780,64.38640,1.00250,1.51490,0.41340,0.69000,22.30170,1.92000,1.61350
