Date,revenue,cost-goods-sold,gross-profit,research-development-expenses,selling-general-administrative-expenses,other-operating-income-expenses,operating-expenses,operating-income,total-non-operating-income-expense,pre-tax-income,total-provision-income-taxes,income-after-taxes,income-from-continuous-operations,income-from-discontinued-operations,net-income,ebitda,ebit,basic-shares-outstanding,shares-outstanding,eps-basic-net-earnings-per-share,eps-earnings-per-share-diluted,current-ratio,long-term-debt-capital,debt-equity-ratio,gross-margin,operating-margin,ebit-margin,pre-tax-profit-margin,net-profit-margin,asset-turnover,inventory-turnover,receiveable-turnover,days-sales-in-receivables,roe,return-on-tangible-equity,roa,roi,book-value-per-share,operating-cash-flow-per-share,free-cash-flow-per-share
2024-09-30,0.03400,0.02500,0.00900,1.94900,1.68800,,3.63700,-3.62800,0.35000,-3.27800,,-3.27800,-3.27800,,-3.27800,-3.36000,-3.62800,1.63100,1.63100,-2.01000,-2.01000,14.86230,,,26.47060,-10670.59000,-10670.59000,-9641.17700,-9641.17700,0.00100,0.00930,0.37360,240.88230,-10.22430,-10.22430,-9.51550,-10.22430,18.83730,-2.26000,-2.37830
2024-06-30,0.07400,0.04600,0.02800,1.63200,1.74000,,3.37200,-3.34400,0.38700,-2.95700,,-2.95500,-2.95500,,-2.95900,-3.08400,-3.34400,1.63800,1.63800,-1.78000,-1.78000,13.73730,,,37.83780,-4518.91500,-4518.91600,-3995.94200,-3998.64600,0.00200,0.01860,0.96100,93.64860,-8.48970,-8.48970,-7.85070,-8.48970,20.45070,-1.5054,-1.6427
2024-03-31,0.05000,0.04200,0.00800,1.70800,1.83300,,3.54100,-3.53300,0.37900,-3.15400,,-3.15400,-3.15400,,-3.15400,-3.29200,-3.53300,1.63300,1.63300,-1.93000,-1.93000,15.33820,,,16.00000,-7066.00000,-7066.00000,-6308.00000,-6308.00000,0.00120,0.01790,0.24880,361.80000,-8.39480,-8.39480,-7.84520,-8.39480,22.07460,-1.4581,-1.5657
2023-12-31,1.11500,0.58300,0.53200,1.57800,2.02200,,3.60000,-3.06800,0.42700,-2.64100,,-2.64100,-2.64100,,-2.64100,-2.88000,-3.06800,1.63100,1.63100,-1.62000,-1.62000,17.31370,,,47.71300,-275.15700,-275.15700,-236.86100,-236.86100,0.02600,0.28230,3.79250,23.73090,-6.55760,-6.55760,-6.16610,-6.55760,23.66280,-1.1036,-1.1975
2023-09-30,0.42500,0.24200,0.18300,1.87200,1.64600,,3.51800,-3.33500,0.42300,-2.91200,,-2.91200,-2.91200,,-2.91200,-3.15000,-3.33500,1.63100,1.63100,-1.79000,-1.79000,18.60770,,,43.05880,-784.70590,-784.70590,-685.17640,-685.17640,0.00950,0.11050,1.08700,82.80000,-6.91410,-6.91410,-6.52450,-6.91410,24.74560,-1.87000,-1.88470
2023-06-30,0.41400,0.23300,0.18100,1.74300,1.16900,,2.91200,-2.73100,0.41200,-2.31900,,-2.31900,-2.31900,,-2.31900,-2.55000,-2.73100,1.62000,1.62000,-1.41000,-1.41000,16.77790,,,43.71980,-659.66190,-659.66170,-560.14500,-560.14500,0.00870,0.11680,1.83190,49.13040,-5.18570,-5.18570,-4.86420,-5.18570,26.58680,-0.7835,-1.1056
2023-03-31,0.03500,0.02400,0.01100,1.35500,1.40600,,2.76100,-2.75000,0.37500,-2.37500,,-2.37500,-2.37500,,-2.37500,-2.64100,-2.75000,1.61600,1.61600,-1.47000,-1.47000,20.18500,,,31.42860,-7857.14300,-7857.14300,-6785.71400,-6785.71400,0.00070,0.01370,0.47300,190.28570,-5.07450,-5.07450,-4.80690,-5.07450,27.74330,-1.2854,-1.7097
2022-12-31,0.26300,0.15500,0.10800,1.36400,1.55800,,2.92200,-2.81400,0.39600,-2.41800,,-2.41800,-2.41800,,-2.41800,-2.70400,-2.81400,1.61300,1.61300,-1.50000,-1.50000,21.78670,,,41.06460,-1069.96200,-1069.96200,-919.39160,-919.39160,0.00510,0.10350,2.34820,38.32700,-4.96410,-4.96410,-4.71020,-4.96410,28.82250,-1.1236,-1.3009
2022-09-30,0.03800,0.03200,0.00600,1.12900,1.64200,,2.77100,-2.76500,0.23500,-2.53000,,-2.53000,-2.53000,,-2.53000,-2.67600,-2.76500,1.61200,1.61200,-1.57000,-1.57000,27.19970,,,15.78950,-7276.31500,-7276.31500,-6657.89500,-6657.89500,0.00070,0.02180,1.00000,90.00000,-4.98770,-4.98770,-4.78680,-4.98770,30.08700,-1.51430,-1.72890
2022-06-30,0.02400,0.01500,0.00900,0.76800,1.37600,,2.14400,-2.13500,0.11400,-2.02100,,-2.02100,-2.02100,,-2.02100,-2.06800,-2.13500,1.59000,1.59000,-1.33880,-1.33880,20.48840,,0.00940,37.50000,-8895.82500,-8895.82300,-8420.82700,-8420.82700,0.00040,0.00990,0.42860,209.99980,-3.79630,-3.79630,-3.59470,-3.79630,31.57530,-1.0178,-1.1594
2022-03-31,0.09700,0.04600,0.05100,0.72200,1.47600,,2.19800,-2.14700,0.04700,-2.10000,,-2.10000,-2.10000,,-2.10000,-2.07200,-2.14700,1.58700,1.58700,-1.32000,-1.32000,21.99500,,0.00900,52.57730,-2213.40200,-2213.40200,-2164.94800,-2164.94800,0.00170,0.03070,0.69290,129.89690,-3.79780,-3.79780,-3.60480,-3.79780,33.49900,-1.053,-1.1194
2021-12-31,0.56100,0.44100,0.12000,0.65200,1.72800,,2.38000,-2.26000,0.08000,-2.18000,,-2.18000,-2.18000,,-2.18000,-2.20500,-2.26000,1.58300,1.58300,-1.38000,-1.38000,24.57440,,0.00870,21.39040,-402.85210,-402.85210,-388.59180,-388.59180,0.00930,0.31190,6.09780,14.75940,-3.78790,-3.78790,-3.61020,-3.78790,34.90440,-0.8168,-0.9222
2021-09-30,0.18700,0.17500,0.01200,0.63900,1.42600,,2.06500,-2.05300,0.02400,-2.02900,,-2.02900,-2.02900,,-2.02900,-2.01400,-2.05300,1.57940,1.57940,-1.20120,-1.20120,31.76310,,0.00840,6.41710,-1097.86100,-1097.86100,-1085.02700,-1085.02700,0.00300,0.10320,0.90780,99.14440,-3.41070,-3.41070,-3.29390,-3.41070,36.12580,-1.38410,-1.44550
2021-06-30,0.01000,0.01100,-0.00100,0.65600,1.33300,0.03100,1.95800,-1.95900,0.49200,-1.46700,,-1.46700,-1.46700,,-1.46700,-1.95300,-1.95900,0.73210,0.73210,4.50450,4.50450,15.46190,,0.04080,-10.00000,-19589.98000,-19589.98000,-14669.99000,-14669.99000,0.00020,0.00730,2.00000,45.00000,-2.39680,-2.39680,-2.23520,-2.39680,37.16910,-2.0821,-2.3307
2021-03-31,0.05400,0.04600,0.00800,0.66900,1.67900,,2.34800,-2.34000,-0.06300,-2.40300,,-2.40300,-2.40300,,-2.40300,-2.28400,-2.34000,0.60510,0.60510,-3.90390,-3.90390,6.25640,0.00110,0.10740,14.81480,-4333.33300,-4333.33300,-4450.00000,-4450.00000,0.00160,0.04010,0.48210,186.66670,-8.48280,-8.48280,-7.11370,-8.47380,34.56270,-3.3062,-3.3156
2020-12-31,0.13000,0.12800,0.00200,0.75800,0.80300,,1.56100,-1.55900,-0.06300,-1.62200,,-1.62200,-1.62200,,-1.62200,-1.49900,-1.55900,0.52830,0.52830,-3.00300,-3.00300,5.08510,0.00640,0.16170,1.53850,-1199.23100,-1199.23100,-1247.69200,-1247.69200,0.00550,0.21770,1.36840,65.76920,-8.62310,-8.62310,-6.87900,-8.56800,30.46570,1.0405,1.0724
2020-09-30,0.14000,0.11300,0.02700,0.60900,0.92600,-0.54400,2.07900,-2.05200,-0.05900,-2.11100,,-2.11100,-2.11100,,-2.11100,-1.97100,-2.05200,0.25700,0.25700,-8.10810,-8.10810,0.65820,-0.17110,-2.10600,19.28570,-1465.71400,-1465.71400,-1507.85700,-1507.85700,0.04390,0.18460,2.69230,33.42860,146.19090,146.19110,-66.23790,171.20840,-5.52820,-5.75780,-5.82000
2020-06-30,0.16400,0.14200,0.02200,0.82900,1.21100,,2.04000,-2.01800,-0.07400,-2.09200,,-2.09200,-2.09200,,-2.09200,-1.81200,-2.01800,0.21130,0.21130,-7.50750,-7.50750,1.07400,0.34690,4.86720,13.41460,-1230.48800,-1230.48800,-1275.61000,-1275.61000,0.02770,0.21010,0.30940,290.85360,-334.72120,-334.72000,-35.27820,-218.59980,2.39090,-8.4281,-8.4281
2020-03-31,0.11800,0.11100,0.00700,0.81400,1.19300,,2.00700,-2.00000,-0.06800,-2.06800,,-2.06800,-2.06800,,-2.06800,-1.96200,-2.00000,0.20340,0.20340,-10.21020,-10.21020,1.47810,,0.94300,5.93220,-1694.91500,-1694.91500,-1752.54200,-1752.54200,0.01570,0.18720,0.22960,392.03390,-78.00830,-78.00830,-27.54400,-78.00830,10.50810,-7.4237,-7.4237
2019-12-31,0.20500,0.19600,0.00900,0.93900,1.11000,,2.04900,-2.04000,-0.04300,-2.08300,,-2.08300,-2.08300,,-2.08300,-1.89200,-2.04000,0.19800,0.19800,-10.51050,-10.51050,0.75350,,6.07290,4.39020,-995.12190,-995.12190,-1016.09800,-1016.09800,0.05580,0.71530,0.48010,187.46340,-843.29630,-843.31990,-56.64940,-843.31980,1.16850,-7.1173,-7.1173
2019-09-30,0.00100,,0.00100,0.85500,1.20200,,,-2.05600,-0.01200,-2.06800,,-2.06800,-2.06800,,-2.06800,-1.91500,-2.05600,0.18620,0.18620,-11.11110,-11.11110,1.14980,,1.15830,,,,,,0.00020,,0.00150,,-159.68980,-159.69110,-40.43010,-159.69110,6.56240,-9.82920,-9.82920
2019-06-30,0.08700,0.07900,0.00800,0.55200,1.20800,,1.76000,-1.75200,0.01000,-1.74200,,-1.74200,-1.74200,,-1.74200,-1.69000,-1.75200,0.16450,0.16450,-8.10810,-8.10810,3.24820,,,9.19540,-2013.79200,-2013.79300,-2002.29900,-2002.29900,0.02360,0.23870,0.20140,446.89650,-64.32780,-64.32790,-47.18310,-64.32790,14.08160,-15.5402,-15.5391
2019-03-31,,,,1.02600,1.23800,,,-2.26400,0.01200,-2.25200,-0.85800,-1.39400,-1.39400,,-1.39400,-2.20000,-2.26400,0.18210,0.18210,-7.50750,-7.50750,2.74470,,,,,,,,,,,,-59.04270,-59.04280,-41.45110,-59.04280,15.76630,-8.8248,-8.8266
2018-12-31,0.00700,,0.00700,0.89700,1.28600,,,-2.17600,0.01600,-2.16000,,-2.16000,-2.16000,,-2.16000,-2.10900,-2.17600,0.15580,0.15580,-13.81380,-13.81380,3.25610,,,100.00000,-31085.71000,-31085.71000,-30857.14000,-30857.14000,0.00190,,0.87500,102.85710,-81.50920,-81.50940,-57.35530,-81.50940,14.28460,-10.5871,-10.5743
2018-09-30,0.03300,0.01100,0.02200,1.10300,1.14400,,2.24700,-2.22500,-0.01300,-2.23800,,-2.23800,-2.23800,,-2.23800,-2.15000,-2.22500,0.13560,0.13560,-16.51650,-16.51650,2.33090,,,66.66670,-6742.42500,-6742.42500,-6781.81700,-6781.81700,0.01120,,1.13790,79.09090,-122.49530,-122.49590,-75.86440,-122.49590,13.39800,-16.56700,-16.56700
2018-06-30,0.04500,0.01200,0.03300,1.31900,1.25700,,4.26900,-4.23600,-0.01700,-4.25300,,-4.25300,-4.25300,,-4.25300,-4.06600,-4.23600,0.13520,0.13520,-31.53150,-31.53150,4.45420,,,73.33330,-9413.33100,-9413.33100,-9451.11000,-9451.11000,0.00880,1.71430,3.75000,24.00000,-106.53800,-106.53810,-82.74320,-106.53810,29.26040,-15.8312,-15.8682
2018-03-31,,,,1.49500,1.36300,,,-2.85800,0.00300,-2.85500,,-2.85500,-2.85500,,-2.85500,-2.65600,-2.85800,0.13520,0.13520,-21.02100,-21.02100,7.05590,,,,,,,,,,,,-34.96630,-34.96630,-30.66270,-34.96630,59.68720,-20.6512,-20.6512
2017-12-31,0.04100,0.02400,0.01700,1.58200,1.60200,,3.18400,-3.16700,0.03000,-3.13700,,-3.13700,-3.13700,,-3.13700,-2.97200,-3.16700,0.13520,0.13520,-23.12310,-23.12310,6.54150,,,41.46340,-7724.39100,-7724.39100,-7651.21900,-7651.21900,0.00330,2.40000,4.10000,21.95120,-28.87250,-28.87250,-25.40700,-28.87250,79.42460,-17.5923,-17.6439
2017-09-30,,,,1.66900,1.40700,,,-3.07600,0.07000,-3.00600,,-3.00600,-3.00600,,-3.00600,-2.87800,-3.07600,0.13510,0.13510,-22.22220,-22.22220,10.63630,,,,,,,,,,,,-21.64930,-21.64930,-19.87440,-21.64930,101.47650,-25.67020,-25.72210
2017-06-30,0.39100,0.08200,0.30900,1.48000,1.69100,,3.17100,-2.86200,0.07400,-2.78800,,-2.78800,-2.78800,,-2.76400,-2.68000,-2.86200,0.13600,0.13600,-20.72070,-20.72070,7.55390,,,79.02810,-731.96950,-731.96920,-713.04320,-706.90530,0.02080,0.49400,2.67810,33.60610,-16.62490,-16.62490,-14.80220,-16.62490,122.50150,-16.7823,-16.8327
2017-03-31,0.41100,0.16100,0.25000,1.56100,1.63300,,3.19400,-2.94400,0.09900,-2.84500,-0.00200,-2.84300,-2.84300,,-2.80000,-2.74700,-2.94400,0.13430,0.13430,-20.72070,-20.72070,8.39940,,,60.82730,-716.30170,-716.30170,-692.21410,-681.26510,0.01900,0.77030,2.24590,40.07300,-14.61700,-14.61700,-13.13160,-14.61700,141.92650,-13.2943,-15.1582
2016-12-31,0.52000,0.31900,0.20100,1.25400,1.63600,,2.89000,-2.68900,0.03500,-2.65400,,-2.65400,-2.65400,,-2.60300,-2.52400,-2.68900,0.13730,0.13730,-18.91890,-18.91890,9.16410,,,38.65390,-517.11550,-517.11550,-510.38460,-500.57690,0.02150,1.03910,0.69240,129.98080,-11.95600,-11.95600,-10.97280,-11.95600,161.97860,-12.106,-13.6862
2016-09-30,1.00600,0.73100,0.27500,1.29200,2.54800,,3.84000,-3.56500,0.09800,-3.46700,,-3.46700,-3.46700,,-3.41500,-3.37800,-3.56500,0.13740,0.13740,-24.92490,-24.92490,12.41790,,,27.33600,-354.37370,-354.37370,-344.63220,-339.46320,0.03660,2.09460,0.98820,91.07360,-13.46150,-13.46150,-12.60590,-13.46150,182.59200,-22.67900,-22.85370
2016-06-30,1.54800,1.34600,0.20200,1.97600,1.87600,,3.85200,-3.65000,0.10000,-3.55000,-0.01600,-3.53400,-3.53400,,-3.46300,-3.49100,-3.65000,0.13580,0.13580,-27.02700,-27.02700,12.73500,,,13.04910,-235.78810,-235.78810,-229.32820,-223.70810,0.05070,2.71370,9.92310,9.06980,-12.34500,-12.34500,-11.57820,-12.34500,208.37450,-18.4237,-18.5826
2016-03-31,0.19600,0.35400,-0.15800,1.90300,1.87500,,3.77800,-3.93600,0.08600,-3.85000,-0.01100,-3.83900,-3.83900,,-3.74200,-3.78600,-3.93600,0.13740,0.13740,-27.02700,-27.02700,14.36900,,,-80.61230,-2008.16300,-2008.16300,-1964.28600,-1909.18400,0.00580,0.23050,0.62420,144.18370,-12.00330,-12.00330,-11.32150,-12.00330,232.97200,-29.9162,-30.5945
2015-12-31,0.92700,0.63200,0.29500,1.32600,1.67100,,2.99700,-2.70200,0.09400,-2.60800,,-2.60800,-2.60800,,-2.52600,-2.57500,-2.70200,0.13790,0.13790,-18.01800,-18.01800,14.95090,,,31.82310,-291.47790,-291.47790,-281.33770,-272.49190,0.02460,0.51300,0.14850,606.11650,-7.32480,-7.32480,-6.93120,-7.32480,258.25300,-18.3278,-18.8219
2015-09-30,,,,1.26400,2.28600,,,-3.55000,0.09900,-3.45100,0.00200,-3.45300,-3.45300,,-3.36400,-3.42800,-3.55000,0.13790,0.13790,-24.02400,-24.02400,17.15830,,,,,,,,,,,,-9.03620,-9.03620,-8.60650,-9.03620,277.16960,-31.45870,-36.08540
2015-06-30,0.17700,0.14300,0.03400,0.89900,7.31300,,8.21200,-8.17800,0.11200,-8.06600,-2.98800,-5.07800,-5.07800,-3.01700,-7.98300,-8.08700,-8.17800,0.13190,0.13190,-61.56160,-61.56160,13.64340,,,19.20900,-4620.33900,-4620.33900,-4557.06300,-4510.17000,0.00400,0.28090,0.02810,3202.37300,-12.16930,-12.16930,-11.48400,-12.16930,302.03750,-27.223,-30.8969
2015-03-31,0.01200,,0.01200,0.65900,1.68100,,,-2.32800,0.07600,-2.25200,-0.89400,-1.35800,-1.35800,-0.75300,-2.10000,-2.24900,-2.32800,0.12990,0.12990,-16.51650,-16.51650,13.19690,,,100.00000,-19400.00000,-19400.00000,-18766.67000,-17500.00000,0.00020,,0.00190,,-2.91870,-2.91870,-2.74420,-2.91870,358.44980,-11.4032,-24.0166
2014-12-31,0.00400,0.00400,,0.98400,2.01200,,2.99600,-2.99600,0.02400,-2.97200,-0.73400,-2.23800,-2.23800,-0.18400,-2.42200,-2.93100,-2.99600,0.13080,0.13080,-18.01800,-18.01800,22.27710,,,,-74900.00000,-74900.00000,-74299.99000,-60549.99000,0.00010,,0.07270,1237.50000,-4.60530,-4.60530,-4.41660,-4.60530,373.36620,-19.7106,-20.2595
2014-09-30,0.32000,0.27700,0.04300,0.69200,1.96000,,2.65200,-2.60900,0.01200,-2.59700,-1.32500,-1.27200,-1.27200,24.55500,22.75200,-2.52400,-2.60900,0.13020,0.13020,174.17420,174.17420,18.00080,,,13.43750,-815.31250,-815.31250,-811.56240,7110.00000,0.00590,,0.97860,91.96880,-2.48180,-2.48180,-2.35560,-2.48180,393.58640,-23.95740,-24.31070
2014-06-30,0.00000,,0.00000,0.70500,3.10300,,,-3.80800,,-3.80800,-2.77800,-1.03000,-1.03000,-0.01900,-0.82200,-3.73000,-3.80800,0.12980,0.12980,-7.50750,-7.50750,0.56320,,,,,,,,0.00000,,0.00000,,-3.39930,-3.39930,-2.52560,-3.39930,232.77310,6.8428,6.8351
2014-03-31,0.04800,,0.04800,0.64500,1.43200,,,-2.02900,,-2.02900,0.36000,-2.38900,-2.38900,-0.66400,-2.83700,-1.95200,-2.02900,0.12980,0.12980,-21.02100,-21.02100,0.64730,,0.18390,100.00000,-4227.08300,-4227.08300,-4227.08300,-5910.41700,0.00110,,0.02240,4023.75000,-7.63750,-7.63750,-5.57360,-7.63750,240.85620,-18.5576,-18.9812
2013-12-31,0.08200,,0.08200,0.35000,2.02300,,,-2.29100,-0.00100,-2.29200,-0.55700,-1.73500,-1.73500,-1.03900,-2.55400,-2.22300,-2.29100,0.12970,0.12970,-19.51950,-19.51950,1.98380,0.13720,0.17050,100.00000,-2793.90200,-2793.90200,-2795.12200,-3114.63400,0.00190,,0.26800,335.85360,-5.05550,-5.05550,-3.95690,-4.36200,264.50070,15.4897,15.0813
2013-09-30,,,,0.80500,1.55100,,,-2.35600,0.01200,-2.34400,-1.17300,-1.17100,-1.17100,2.17900,1.25300,-2.27300,-2.35600,0.12970,0.12970,9.00900,9.00900,2.34100,0.13210,0.16290,,,,,,,,,,-3.20790,-3.20790,-2.44280,-2.78410,281.51420,-8.02810,-8.34420
2013-06-30,9.18000,5.10200,4.07800,0.58600,1.44900,,2.03500,2.04300,-0.04400,1.99900,,1.99900,1.99900,,2.15500,2.60600,2.04300,0.12870,0.12870,16.51650,16.51650,1.65170,0.13750,0.17030,44.42270,22.25490,22.25490,21.77560,23.47500,0.19120,,1.72650,52.12750,5.63420,5.63420,4.16440,4.85960,273.61720,-15.0765,-22.2041
2013-03-31,4.56500,2.55000,2.01500,0.45900,1.75800,,2.21700,-0.20200,-0.03600,-0.23800,,-0.23800,-0.23800,,-0.11300,0.31800,-0.20200,0.12960,0.12960,-1.50150,-1.50150,1.41070,0.14670,0.18330,44.14020,-4.42500,-4.42500,-5.21360,-2.47540,0.09820,,6.24490,14.41180,-0.71120,-0.71120,-0.51210,-0.60690,258.07780,27.357,24.6805
2012-12-31,4.12200,3.12500,0.99700,0.39300,1.48400,,1.87700,-0.88000,-0.04600,-0.92600,,-0.92600,-0.92600,,-0.81000,-0.35500,-0.88000,0.12940,0.12940,-6.00600,-6.00600,1.38410,0.14790,0.18490,24.18730,-21.34890,-21.34890,-22.46480,-19.65070,0.08890,,1.10600,81.37550,-2.74880,-2.74880,-1.99690,-2.34220,259.95000,3.4436,0.5789
2012-09-30,6.12800,4.90700,1.22100,0.64200,2.09900,,2.74100,-1.52000,-0.03800,-1.55800,,-1.55800,-1.55800,,-1.41700,-1.01300,-1.52000,0.12620,0.12620,-10.51050,-10.51050,1.50640,0.14670,0.18280,19.92490,-24.80420,-24.80420,-25.42430,-23.12340,0.12840,,1.29800,69.33580,-4.50410,-4.50410,-3.26500,-3.84330,271.47420,-38.26840,-39.94810
2012-06-30,7.60900,5.98600,1.62300,0.59200,1.61600,,2.20800,-0.58500,-0.82400,-1.40900,0.00000,-1.40900,-1.40900,,-1.27500,-0.08400,-0.58500,0.12350,0.12350,-9.00900,-9.00900,1.61210,0.14330,0.17750,21.33000,-7.68830,-7.68820,-18.51760,-16.75650,0.15200,,3.95070,22.78090,-3.89960,-3.89960,-2.81520,-3.34090,288.22320,-37.9587,-45.0777
2012-03-31,10.01300,6.77000,3.24300,0.47500,1.81400,,2.28900,0.95400,-0.06900,0.88500,0.00500,0.88000,0.88000,,1.01400,1.51000,0.95400,0.12500,0.12760,7.50750,7.50750,1.61630,0.14110,0.17410,32.38790,9.52760,9.52760,8.83850,10.12680,0.17780,,5.87620,15.31610,2.35620,2.35620,1.56260,2.02370,297.93110,12.9264,11.9675
2011-12-31,3.67600,3.10800,0.56800,0.74600,1.70800,,2.45400,-1.88600,-0.05900,-1.94500,0.00700,-1.95200,-1.95200,,-1.78600,-1.29200,-1.88600,0.12280,0.12280,-15.01500,-15.01500,1.41410,0.14670,0.18190,15.45160,-51.30580,-51.30580,-52.91080,-48.58540,0.06370,,0.88110,102.14360,-5.38420,-5.38420,-3.38340,-4.59450,291.06740,-14.1049,-15.1037
2011-09-30,4.84000,2.92600,1.91400,0.75800,1.92900,,2.68700,-0.77300,-0.07400,-0.84700,0.00500,-0.85200,-0.85200,,-0.66600,-0.18100,-0.77300,0.12070,0.12070,-6.00600,-6.00600,1.44080,0.14280,0.17610,39.54550,-15.97110,-15.97110,-17.50000,-13.76030,0.08400,,3.40130,26.46070,-2.24510,-2.24510,-1.47800,-1.92450,311.85410,5.86680,4.80610
2011-06-30,4.48200,3.60200,0.88000,0.87200,2.03500,,2.90700,-2.02700,-0.07100,-2.09800,-0.06900,-2.02900,-2.02900,,-1.81200,-1.40900,-2.02700,0.11870,0.11870,-15.01500,-15.01500,1.37560,0.14600,0.18030,19.63410,-45.22540,-45.22540,-46.80940,-40.42840,0.07780,,1.84520,48.77510,-5.40230,-5.40230,-3.52130,-4.61350,312.81000,65.3549,64.0095
2011-03-31,5.72000,3.14200,2.57800,1.25600,1.94100,,3.19700,-0.61900,-0.07000,-0.68900,0.00500,-0.69400,-0.69400,,-0.44600,-0.02600,-0.61900,0.11960,0.11960,-3.00300,-3.00300,2.32150,0.14200,0.17440,45.06990,-10.82170,-10.82170,-12.04550,-7.79720,0.11140,,1.89530,47.48600,-1.76500,-1.76510,-1.35130,-1.51440,327.64050,4.7039,2.985
2010-12-31,4.64100,3.43800,1.20300,0.88300,2.11900,,3.00200,-1.79900,-0.03500,-1.83400,0.00500,-1.83900,-1.83900,,-1.56200,-1.24500,-1.79900,0.11890,0.11890,-13.51350,-13.51350,2.88610,0.14200,0.17420,25.92110,-38.76320,-38.76320,-39.51740,-33.65650,0.09170,,1.85490,48.51970,-4.61420,-4.61420,-3.63380,-3.95910,333.77400,-6.3245,-8.8552
2010-09-30,5.30600,3.48600,1.82000,0.82300,2.30700,,3.13000,-1.31000,-0.10300,-1.41300,0.00600,-1.41900,-1.41900,,-1.16300,-0.76000,-1.31000,0.11560,0.11560,-10.51050,-10.51050,1.21830,,0.20320,34.30080,-24.68900,-24.68900,-26.63020,-21.91860,0.09580,,1.11800,80.50130,-3.42840,-3.42840,-2.56150,-3.42840,352.04010,14.06200,13.11930
2010-06-30,5.49000,3.89600,1.59400,0.67900,2.65500,,3.33400,-1.74000,-0.09400,-1.83400,0.00000,-1.83400,-1.83400,,-1.57200,-1.20600,-1.74000,0.11030,0.12180,-13.51350,-12.01200,1.21250,,0.20060,29.03460,-31.69400,-31.69400,-33.40620,-28.63390,0.10000,,0.96720,93.04920,-4.34470,-4.34470,-3.34040,-4.34470,378.37370,9.3651,6.5208
2010-03-31,6.64700,3.36000,3.28700,1.11700,3.17000,,4.28700,-1.00000,-0.02600,-1.02600,-0.05300,-0.97300,-0.97300,,-0.64700,-0.46500,-1.00000,0.11060,0.11060,-6.00600,-6.00600,1.27390,,0.19880,49.45090,-15.04440,-15.04440,-15.43550,-9.73370,0.11840,,0.80370,111.97530,-2.26910,-2.26910,-1.73260,-2.26910,379.76810,-1.9141,-4.5194
2009-12-31,8.08000,2.67400,5.40600,0.32800,3.27000,,3.59800,1.80800,-0.07900,1.72900,0.05000,1.67900,1.67900,,1.67900,2.33400,1.80800,0.11010,0.12380,15.01500,13.51350,1.62980,0.06880,0.19790,66.90590,22.37620,22.37620,21.39850,20.77970,0.13890,,0.85880,104.79210,3.86980,3.86980,2.88620,3.60350,385.97960,48.0482,44.2463
2009-09-30,7.76200,2.92800,4.83400,0.67400,3.07500,,3.74900,1.08500,-0.26000,0.82500,0.02500,0.80000,0.80000,,0.80000,1.62500,1.08500,0.11520,0.12100,7.50750,6.00600,1.97920,0.16790,0.23230,62.27780,13.97840,13.97840,10.62870,10.30660,0.12920,,0.49950,180.17390,1.92660,1.92660,1.33120,1.60320,370.63570,-19.06010,-24.82940
2009-06-30,10.37600,4.13000,6.24600,0.69400,3.24000,,3.93400,2.31200,-0.29300,2.01900,-0.60300,2.62200,2.62200,,2.62200,2.83400,2.31200,0.10900,0.11260,24.02400,24.02400,1.91680,0.17220,0.21460,60.19660,22.28220,22.28220,19.45840,25.26990,0.17610,,0.84500,106.50630,6.46640,6.46640,4.45020,5.35290,370.26620,44.1379,36.1276
2009-03-31,11.84900,4.82500,7.02400,0.55300,2.67100,,3.22400,3.80000,-0.10500,3.69500,0.09300,3.60200,3.60200,,3.60200,4.35800,3.80000,0.11020,0.11530,33.03300,31.53150,1.41500,0.18340,0.24620,59.27930,32.07020,32.07020,31.18410,30.39920,0.21210,,1.26030,71.41360,9.52360,9.52360,6.44870,7.77720,347.89140,0.026,-4.6391
