Date,revenue,cost-goods-sold,gross-profit,selling-general-administrative-expenses,other-operating-income-expenses,operating-expenses,operating-income,total-non-operating-income-expense,pre-tax-income,total-provision-income-taxes,income-after-taxes,income-from-continuous-operations,net-income,ebitda,ebit,basic-shares-outstanding,shares-outstanding,eps-basic-net-earnings-per-share,eps-earnings-per-share-diluted,current-ratio,long-term-debt-capital,debt-equity-ratio,gross-margin,operating-margin,ebit-margin,pre-tax-profit-margin,net-profit-margin,asset-turnover,receiveable-turnover,days-sales-in-receivables,roe,return-on-tangible-equity,roa,roi,book-value-per-share,operating-cash-flow-per-share,free-cash-flow-per-share
2024-09-30,478.71000,405.21800,73.49200,37.80300,,45.06700,28.42500,-1.61300,26.81200,7.83100,18.98100,18.98100,16.09400,36.14600,28.42500,47.68700,48.22400,0.34000,0.33000,1.90780,0.37390,0.61920,15.35210,5.93780,5.93780,5.60090,3.36200,0.37240,2.11690,42.51480,2.67480,9.94810,1.47670,1.67460,14.85180,0.7015,0.6543
2024-06-30,486.26500,412.80500,73.46000,35.95300,,43.39400,30.06600,1.83100,31.89700,10.03100,21.86600,21.86600,19.17100,37.96600,30.06600,47.61500,47.97800,0.40000,0.40000,1.84090,0.38410,0.64930,15.10700,6.18310,6.18310,6.55960,3.94250,0.38820,2.15890,41.68820,3.20140,13.91000,1.74580,1.97190,14.36670,0.4826,0.4235
2024-03-31,404.35600,330.39900,73.95700,38.72200,,43.81800,30.13900,-6.13500,24.00400,7.14200,16.86200,16.86200,14.83500,35.69300,30.13900,47.26000,47.70000,0.31000,0.31000,1.51660,0.35960,0.59400,18.29010,7.45360,7.45360,5.93640,3.66880,0.32970,2.19470,41.00810,2.56270,13.17330,1.37510,1.64120,13.86440,0.12530,0.11760
2023-12-31,353.03510,314.05500,38.98000,37.94900,,42.85210,-3.87210,4.79500,0.92300,1.01700,-0.09400,-0.09400,12.35600,1.37990,-3.87210,46.55300,46.94300,0.27000,0.26000,2.11050,0.29660,0.45430,11.04140,-1.09680,-1.09680,0.26140,3.49990,0.37820,2.38940,37.66670,-0.01520,-0.03530,-0.01010,-0.01070,13.16420,0.4106,0.2606
2023-09-30,348.17300,275.37500,72.79800,29.41000,,33.71500,39.08300,-1.06800,38.01500,10.04200,27.97300,27.97300,22.05900,43.62500,39.08300,46.54800,46.92100,0.47000,0.47000,2.34650,0.25760,0.35310,20.90860,11.22520,11.22520,10.91840,6.33560,0.32440,1.88870,47.65070,4.68000,11.28070,2.60640,3.47440,12.82450,0.3262,0.2397
2023-06-30,348.20900,292.87600,55.33300,24.05600,,28.30400,27.02900,4.46200,31.49100,14.00900,17.48200,17.48200,13.17000,31.51500,27.02900,46.48200,46.77800,0.28000,0.28000,2.50310,0.26580,0.36760,15.89080,7.76230,7.76230,9.04370,3.78220,0.33900,2.30680,39.01490,3.06830,7.89960,1.70190,2.25290,12.23850,0.5522,0.4973
2023-03-31,337.24400,289.39700,47.84700,21.18200,,25.47400,22.37300,-2.96400,19.40900,6.92100,12.48800,12.48800,13.13200,26.90200,22.37300,46.55500,46.95500,0.28000,0.28000,2.62450,0.27220,0.37620,14.18770,6.63410,6.63410,5.75520,3.89390,0.33760,2.20690,40.78050,2.26640,6.12380,1.25010,1.64950,11.85270,0.16440,-0.15190
2022-12-31,294.20700,253.11700,41.09000,24.44500,,28.50900,12.58090,-2.12500,10.45600,11.33900,-0.88300,-0.88300,-3.72800,16.87990,12.58090,44.97100,45.60200,-0.10000,-0.07000,2.88090,0.27330,0.37820,13.96640,4.27620,4.27620,3.55400,-1.26710,0.30450,2.52300,35.67240,-0.16220,-0.44510,-0.09140,-0.11790,11.68650,1.8619,1.8367
2022-09-30,317.00100,240.76800,76.23300,21.38800,,26.14200,50.09100,-8.82800,41.26300,17.36600,23.89700,23.89700,23.18500,55.07500,50.09100,44.94700,46.15300,0.52000,0.50000,2.84020,0.28040,0.39680,24.04820,15.80150,15.80150,13.01670,7.31390,0.33600,1.47710,60.93210,4.65370,13.07330,2.53310,3.34890,11.44050,-0.7792,-0.8476
2022-06-30,269.69700,230.07000,39.62700,19.89400,,24.24500,15.38200,1.24700,16.62900,5.35200,11.27700,11.27700,11.95000,19.97000,15.38200,44.85900,46.02300,0.27000,0.26000,2.48890,0.29170,0.41790,14.69320,5.70340,5.70340,6.16580,4.43090,0.28360,1.54420,58.28370,2.32110,7.23420,1.18570,1.64400,10.86420,0.1957,0.1664
2022-03-31,263.25800,220.73000,42.52800,11.94300,,16.31700,26.21100,-7.94300,18.26800,6.81800,11.45000,11.45000,13.76400,30.82200,26.21100,44.68100,45.99500,0.31000,0.30000,2.77010,0.27760,0.38860,16.15450,9.95640,9.95640,6.93920,5.22830,0.28860,1.81620,49.55410,2.38780,7.78940,1.25500,1.72490,10.69290,0.52260,0.14240
2021-12-31,195.10200,171.83900,23.26300,16.60100,,21.01300,2.25000,-24.68100,-22.43100,0.11700,-22.54800,-22.54800,8.83500,6.84000,2.24990,43.82900,45.40300,0.20000,0.20000,3.52570,0.28820,0.40770,11.92350,1.15320,1.15320,-11.49710,4.52840,0.22490,2.04700,43.96580,-4.96530,-18.05520,-2.59960,-3.53420,10.17470,-0.2343,-0.3029
2021-09-30,227.11700,147.47300,79.64400,21.81300,,26.48400,53.16000,-58.66500,-5.50500,-0.12000,-5.38500,-5.38500,34.27900,57.99000,53.16000,44.30100,46.27400,0.77000,0.74000,3.65890,0.29340,0.41590,35.06740,23.40640,23.40640,-2.42390,15.09310,0.26070,2.90610,30.96940,-1.22300,-4.74980,-0.61800,-0.86420,9.91780,1.1007,0.9066
2021-06-30,175.63800,136.21400,39.42400,14.19900,,18.43600,20.98800,63.46200,84.45000,24.92000,59.53000,59.53000,12.65800,25.61500,20.98800,44.16500,45.82900,0.29000,0.28000,3.67360,0.31140,0.45300,22.44620,11.94960,11.94960,48.08190,7.20690,0.19640,1.95440,46.05050,14.71400,69.78730,6.65560,10.13210,9.14370,0.4543,0.2958
2021-03-31,176.05800,140.61600,35.44200,9.46400,,13.66100,21.78100,-0.54700,21.23400,6.77600,14.45800,14.45800,13.15100,26.32900,21.78100,42.33600,43.56600,0.31000,0.30000,2.93060,0.39390,0.68460,20.13090,12.37150,12.37150,12.06080,7.46970,0.20880,2.00430,44.90240,4.13460,52.69900,1.71450,2.50610,8.20130,0.22840,0.22620
2020-12-31,176.78300,137.10500,39.67800,9.45600,,13.80200,25.87600,-1.06500,24.81100,12.14000,12.67100,12.67100,9.87900,30.56500,25.87600,36.52800,37.44800,0.26000,0.26000,2.94440,0.41060,0.72980,22.44450,14.63720,14.63710,14.03470,5.58820,0.21630,2.91650,30.85900,3.82910,260.02370,1.55000,2.25690,7.82350,-0.0659,-0.0808
2020-09-30,180.12300,121.82300,58.30000,16.27000,,20.94400,37.35600,-1.18100,36.17500,10.75100,25.42400,25.42400,16.71300,42.37600,37.35600,36.36500,37.55200,0.46000,0.45000,2.78940,0.49670,1.02860,32.36680,20.73920,20.73920,20.08350,9.27870,0.22120,2.82490,31.85970,11.08200,-25.31870,3.12230,5.57780,6.23830,0.9613,0.9586
2020-06-30,165.16900,136.07900,29.09000,11.55600,,16.18400,12.90600,99.95300,112.85900,31.85800,81.00100,81.00100,7.04400,17.88400,12.90600,36.07200,37.28600,0.20000,0.19000,2.49530,0.52620,1.15670,17.61230,7.81380,7.81380,68.32940,4.26470,0.19820,1.77920,50.58550,38.97130,-64.28910,9.72150,18.46560,5.72430,0.5855,0.5806
2020-03-31,165.10500,144.20400,20.90100,11.83400,,16.53600,4.36500,0.21700,4.58200,1.59500,2.98700,2.98700,4.05200,9.37500,4.36500,36.01000,37.43900,0.11000,0.11000,2.98360,0.53800,1.21290,12.65920,2.64380,2.64380,2.77520,2.45420,0.22790,1.93590,46.48950,1.50890,-2.14250,0.41230,0.69720,5.49240,-0.24820,-0.25540
2019-12-31,178.75000,151.88000,26.87000,11.45000,0.00000,15.93700,10.93300,-10.52900,0.40400,1.68400,-1.28000,-1.28000,6.72700,15.89300,10.93300,34.70800,36.40300,0.20000,0.20000,3.12140,0.54740,1.25920,15.03220,6.11640,6.11640,0.22600,3.76340,0.24530,2.35120,38.27830,-0.66550,0.85800,-0.17570,-0.30120,5.35630,0.1087,0.1015
2019-09-30,156.06000,131.13000,24.93000,7.95000,,14.86400,10.06600,4.35500,14.42100,3.68200,10.73900,10.73900,3.70400,16.98100,10.06600,34.64400,37.79200,0.11000,0.10000,3.05490,0.54970,1.27070,15.97460,6.45010,6.45010,9.24070,2.37340,0.20800,2.13880,42.08010,5.58820,-6.74870,1.43140,2.51640,5.51860,0.8469,0.8354
2019-06-30,130.05000,101.36300,28.68700,11.81800,2.31400,13.95900,14.72800,0.14500,14.87300,4.20900,10.66400,10.66400,3.54500,19.18200,14.72800,34.54000,37.96300,0.10000,0.09000,2.13980,0.19500,0.24270,22.05840,11.32490,11.32490,11.43640,2.72590,0.22880,1.29930,69.26660,5.73060,-8.06080,1.87640,4.61330,5.37230,-0.4758,-0.483
2019-03-31,95.75800,83.43200,12.32600,10.26400,-0.95100,15.63300,-3.30700,-0.55100,-3.85800,-1.40800,-2.45000,-2.45000,0.14000,1.11100,-3.30700,34.49700,38.07400,0.00000,0.00000,2.00130,0.06890,0.07450,12.87200,-3.45350,-3.45350,-4.02890,0.14620,0.18380,1.28060,70.28050,-1.34340,2.83280,-0.47040,-1.25080,5.28570,-0.10420,-0.10690
2018-12-31,106.58900,80.54290,26.04600,12.11930,-3.64090,24.04260,2.00350,-4.92370,-2.92030,-0.97860,-1.94170,-1.94170,-3.09600,10.28590,2.00350,32.89400,37.91500,-0.10000,-0.08000,2.40020,0.06930,0.07520,24.43600,1.87960,1.87960,-2.73980,-2.90460,0.20780,1.85500,48.51650,-1.06950,2.13050,-0.37850,-0.99540,5.25030,-0.1576,-0.1659
2018-09-30,166.72930,96.26880,70.46050,9.04030,,13.88340,56.57710,-3.36570,53.21140,14.58590,38.62540,38.62540,9.10640,61.42010,56.57710,32.91700,38.38800,0.28000,0.24000,2.19880,0.06820,0.07460,42.26040,33.93350,33.93350,31.91480,5.46180,0.30210,2.37900,37.83120,20.86430,-40.55550,6.99860,19.44210,5.60570,0.4757,0.4711
2018-06-30,122.66650,99.70560,22.96100,10.89310,,15.81120,7.14980,2.23970,9.38940,1.52380,7.86560,7.86560,2.66410,12.06780,7.14980,32.67400,37.85100,0.08000,0.07000,1.71420,0.07200,0.07980,18.71820,5.82860,5.82860,7.65440,2.17180,0.24010,3.55120,25.34320,4.49940,-7.16900,1.53930,4.17530,5.32310,0.2301,0.2248
2018-03-31,123.92320,84.61470,39.30860,11.30120,-0.24710,16.60680,22.70170,0.24480,22.94650,7.22880,15.71770,15.71770,2.16050,27.76020,22.70170,32.42100,38.09800,0.07000,0.06000,1.63280,0.00350,0.03570,31.72010,18.31920,18.31920,18.51670,1.74340,0.23760,2.34680,38.35000,9.21920,-13.36720,3.01340,9.18720,5.22140,0.12430,0.11160
2017-12-31,120.49600,91.32300,29.17300,-2.48000,,8.82700,20.34600,16.25590,36.64100,-4.66300,41.30400,41.32400,27.15200,27.43890,20.34600,25.52600,28.66200,0.54000,0.48000,1.31530,0.00380,0.03810,24.38260,16.88520,16.88520,30.40850,22.53350,0.24560,5.98970,15.02590,25.16940,-31.98520,8.42250,25.07490,5.08230,0.5334,0.5181
2017-09-30,97.13430,66.73700,30.39730,4.38090,,9.14560,21.25170,-1.56140,19.69030,7.86590,11.82440,11.82440,5.62040,26.01650,21.25170,25.06800,28.41800,0.22000,0.20000,,,,31.29410,21.87870,21.87870,20.27120,5.78620,,,,,,,,,0.4089,0.3848
2017-06-30,81.31170,66.67220,14.63950,5.77720,,10.58320,4.05630,-1.95400,2.10230,0.73680,1.36550,1.36550,1.99470,8.86230,4.05630,25.06800,28.41800,0.08000,0.07000,,,,18.00410,4.98860,4.98860,2.58550,2.45320,,,,,,,,,0.1272,0.1053
2017-03-31,85.33610,59.60750,25.72860,5.21160,,10.04800,15.68060,3.93250,19.61300,7.88920,11.72380,11.72380,4.34970,20.51690,15.68060,25.06800,28.44600,0.17000,0.15000,1.02610,0.94880,36.59260,30.14970,18.37510,18.37510,22.98330,5.09710,4.13450,14.27020,6.30680,-109.62960,-360.73180,56.80130,222.46280,,0.74200,0.73070
2016-12-31,,,,,,,,,,,,,,,,,,,0.00000,,,,,,,,,,,,,,,,,0,0
2016-03-31,,,,,,,,,,,,,,,,,,,0.00000,,,,,,,,,,,,,,,,,0.00000,
2015-03-31,,,,,,,,,,,,,,,,,,,0.00000,,,,,,,,,,,,,,,,,0.00000,
