Date,revenue,cost-goods-sold,gross-profit,selling-general-administrative-expenses,other-operating-income-expenses,operating-expenses,operating-income,total-non-operating-income-expense,pre-tax-income,total-provision-income-taxes,income-after-taxes,income-from-continuous-operations,income-from-discontinued-operations,net-income,ebitda,ebit,basic-shares-outstanding,shares-outstanding,eps-basic-net-earnings-per-share,eps-earnings-per-share-diluted,current-ratio,long-term-debt-capital,debt-equity-ratio,gross-margin,operating-margin,ebit-margin,pre-tax-profit-margin,net-profit-margin,asset-turnover,inventory-turnover,receiveable-turnover,days-sales-in-receivables,roe,return-on-tangible-equity,roa,roi,book-value-per-share,operating-cash-flow-per-share,free-cash-flow-per-share
2024-09-30,178.45100,79.17800,99.27300,55.43200,-5.29500,137.63100,-38.35800,-13.12800,-51.48600,-12.03500,-39.45100,-39.45100,,-34.11700,36.86800,-38.35800,15.11400,15.11400,-2.26000,-2.26000,1.21300,0.48590,0.95760,55.63040,-21.49500,-21.49500,-28.85160,-19.11840,0.10190,5.00650,1.43530,62.70360,-6.64020,-8.53770,-2.25260,-3.41390,39.30950,2.6172,-0.7126
2024-06-30,183.28100,76.95000,106.33100,60.44200,15.93000,82.01500,24.31600,-12.77500,11.54100,0.20400,11.33700,11.33700,,7.62700,62.44100,24.31600,15.25400,15.25500,0.50000,0.50000,1.10050,0.45470,0.86020,58.01530,13.26710,13.26710,6.29690,4.16140,0.10340,5.10720,1.29900,69.28560,1.80310,2.46700,0.63970,0.98320,41.60150,2.3276,-0.6107
2024-03-31,186.79400,81.96000,104.83400,63.22400,0.47400,100.26000,4.57400,-10.90300,-6.32900,1.61900,-7.94800,-7.94800,,-7.66300,41.51900,4.57400,15.43700,15.43700,-0.50000,-0.50000,1.05890,0.45310,0.86090,56.12280,2.44870,2.44870,-3.38820,-4.10240,0.10500,5.05710,1.34910,66.71010,-1.26420,-1.73690,-0.44670,-0.69140,40.55710,1.50130,-1.46780
2023-12-31,198.96500,89.30800,109.65700,60.70500,-1.34400,106.39400,3.26300,-12.99900,-9.73600,-2.41600,-7.32000,-7.32000,,-2.22800,41.64600,3.26300,15.59500,15.59500,-0.47000,-0.47000,0.95930,0.43580,0.81040,55.11370,1.64000,1.64000,-4.89330,-1.11980,0.11150,4.66770,1.43540,62.70170,-1.14770,-1.57490,-0.41040,-0.64760,41.35940,1.4224,-2.1249
2023-09-30,191.03600,82.39800,108.63800,62.74800,-0.17700,101.80200,6.83600,-11.09600,-4.26000,-0.54200,-3.71800,-3.71800,,-4.88700,44.97300,6.83600,15.60100,15.60100,-0.31000,-0.31000,1.01790,0.42510,0.77250,56.86780,3.57840,3.57840,-2.22990,-2.55820,0.10910,4.54260,1.69460,53.10930,-0.57630,-0.79330,-0.21230,-0.33130,41.56120,1.8978,-0.9987
2023-06-30,186.44100,78.73400,107.70700,64.65300,-0.88300,105.26700,2.44000,-8.18800,-5.74800,-5.08700,-0.66100,-0.66100,,-0.49300,42.39400,2.44000,15.71900,15.71900,-0.03000,-0.03000,1.03010,0.41470,0.73610,57.77000,1.30870,1.30870,-3.08300,-0.26440,0.10780,4.20610,1.87920,47.89320,-0.10090,-0.13900,-0.03820,-0.05910,41.81410,2.8225,0.0312
2023-03-31,185.77400,79.62800,106.14600,63.12600,0.15400,105.51000,0.63600,-8.43100,-7.79500,-0.74000,-7.05500,-7.05500,,-6.93000,40.85600,0.63600,15.76800,15.76800,-0.44000,-0.44000,1.12740,0.40540,0.69930,57.13720,0.34240,0.34240,-4.19600,-3.73030,0.10930,4.30770,2.19900,40.92860,-1.06170,-1.46400,-0.41500,-0.63120,42.09320,1.01550,-2.32830
2022-12-31,192.01600,90.19800,101.81800,58.22800,-0.92900,97.14500,4.67300,-6.31200,-1.63900,0.90600,-2.54500,-2.54500,,2.07300,43.16300,4.67300,15.75100,15.75100,-0.18000,-0.18000,0.98500,0.38050,0.62330,53.02580,2.43370,2.43370,-0.85360,1.07960,0.11240,5.03840,2.21180,40.69160,-0.37600,-0.51830,-0.14900,-0.23290,42.93780,1.5235,-1.8898
2022-09-30,182.21300,82.27000,99.94300,58.05600,-3.90000,98.50400,1.43900,-3.57100,-2.13200,-0.36000,-1.77200,-1.77200,,-3.97500,38.49500,1.43900,15.76300,15.76300,-0.25000,-0.25000,1.09240,0.34020,0.52120,54.84960,0.78970,0.78970,-1.17010,-2.18150,0.11420,6.61650,2.50700,35.89960,-0.25970,-0.35800,-0.11110,-0.17130,43.29020,1.7897,-0.6281
2022-06-30,179.49700,81.14600,98.35100,59.17800,-0.38400,96.62900,1.72200,-7.00200,-5.28000,-3.97100,-1.30900,-1.30900,,-1.67900,39.29200,1.72200,15.74900,15.74900,-0.11000,-0.11000,1.10060,0.33900,0.51840,54.79260,0.95930,0.95930,-2.94160,-0.93540,0.11250,8.78390,2.54150,35.41250,-0.19060,-0.26440,-0.08200,-0.12600,43.57490,2.4955,-0.0786
2022-03-31,172.01900,75.04400,96.97500,56.34300,-3.97400,96.86700,0.10800,0.88700,0.99500,2.95200,-1.95700,-1.95700,,-2.06400,37.15900,0.10800,15.70800,15.70800,-0.13000,-0.13000,1.19550,0.33440,0.50780,56.37460,0.06280,0.06280,0.57840,-1.19990,0.10810,7.51640,2.45360,36.68090,-0.28220,-0.39250,-0.12300,-0.18780,44.05510,0.72500,-1.46930
2021-12-31,187.57200,88.66300,98.90900,56.57800,-4.55400,119.20700,-20.29810,-3.94500,-24.24300,-0.34300,-23.90000,-23.90000,,-23.36800,38.28590,-20.29810,15.86700,15.86700,-1.60000,-1.60000,1.05280,0.31780,0.47240,52.73120,-10.82150,-10.82150,-12.92460,-12.45820,0.11660,8.71210,2.54500,35.36290,-3.40330,-4.74120,-1.48580,-2.32180,44.69250,2.0678,-0.1498
2021-09-30,166.76000,76.58700,90.17300,53.36000,-5.44000,91.15500,-0.98200,-3.78100,-4.76300,-0.28800,-4.47500,-4.47500,,-3.46500,31.80300,-0.98200,15.86000,15.86000,-0.22000,-0.22000,1.23000,0.32050,0.47680,54.07350,-0.58890,-0.58890,-2.85620,-2.07780,0.10250,9.27880,2.37560,37.88460,-0.61170,-0.89040,-0.27500,-0.41560,46.15320,1.2838,-0.5542
2021-06-30,123.86500,58.01400,65.85100,40.65200,-2.13900,62.94600,2.90500,-1.15700,1.74800,-1.54200,3.29000,3.29000,,2.01900,23.22800,2.90500,15.91200,15.92100,0.13000,0.13000,1.46330,0.08320,0.09590,53.16350,2.34530,2.34530,1.41120,1.63000,0.11610,8.48530,3.04760,29.53180,0.44390,0.58630,0.30850,0.40690,46.61550,1.3911,0.3671
2021-03-31,124.51000,62.11300,62.39700,37.69300,-0.84700,59.04800,3.34900,1.22200,4.57100,0.29500,4.27600,4.27600,,2.70600,24.02500,3.34900,15.90200,15.95200,0.17000,0.17000,1.52850,0.08410,0.09690,50.11410,2.68970,2.68970,3.67120,2.17330,0.11770,10.04250,2.99300,30.06990,0.57610,0.76090,0.40430,0.52760,46.62490,0.33370,-1.27610
2020-12-31,123.70200,57.79400,65.90800,35.38000,-23.00600,80.60800,-14.70000,-1.08100,-15.78100,1.85800,-17.63900,-17.63900,,-20.51500,7.65700,-14.70000,15.92300,15.92300,-1.30000,-1.30000,1.62290,0.08390,0.09650,53.27970,-11.88340,-11.88340,-12.75730,-16.58420,0.11410,10.50040,2.80170,32.12300,-2.33830,-3.13330,-1.62760,-2.14220,47.44850,0.9474,-0.6188
2020-09-30,111.73900,45.49600,66.24300,35.07900,-0.02700,56.68600,9.55700,-3.27400,6.28300,0.09200,6.19100,6.19100,,2.66100,31.27200,9.55700,15.96200,16.01100,0.17000,0.17000,1.69790,0.09140,0.10540,59.28370,8.55300,8.55300,5.62290,2.38140,0.10040,8.87380,2.57040,35.01370,0.77910,1.00900,0.55600,0.70790,49.98100,1.9486,0.7817
2020-06-30,109.09800,45.83700,63.26100,34.12500,-0.12100,56.23700,7.02400,-0.91800,6.10600,-2.25800,8.36400,8.36400,,4.74600,29.14900,7.02400,15.97000,16.00400,0.30000,0.30000,2.06190,0.09210,0.10610,57.98550,6.43820,6.43820,5.59680,4.35020,0.09810,10.06740,2.33700,38.51100,1.04860,1.31380,0.75240,0.95210,49.95260,1.5567,0.4381
2020-03-31,110.90500,46.60200,64.30300,34.42700,-0.05900,57.00400,7.29900,-3.81400,3.48500,1.10900,2.37600,2.37600,,-1.01400,29.94300,7.29900,16.00100,16.00100,-0.06000,-0.06000,2.07450,0.09350,0.10780,57.98030,6.58130,6.58130,3.14230,-0.91430,0.10000,8.63160,2.45120,36.71740,0.29960,0.37610,0.21430,0.27160,49.63260,0.96610,0.08740
2019-12-31,112.08500,48.91800,63.16700,34.69900,-2.67300,64.90600,-1.73900,-2.56800,-4.30700,1.33200,-5.63900,-5.63900,,-9.75400,25.91700,-1.73900,15.98300,15.98300,-0.62000,-0.62000,1.91130,0.09300,0.10720,56.35630,-1.55150,-1.55150,-3.84260,-8.70230,0.09910,9.31240,3.12180,28.82960,-0.69960,-0.87530,-0.49870,-0.63450,50.37390,1.9484,0.4897
2019-09-30,115.61600,47.71700,67.89900,34.89500,-0.15300,57.65100,10.24800,-3.57000,6.67800,1.83400,4.84400,4.84400,,1.38500,32.98100,10.24800,16.00000,16.00700,0.09000,0.09000,1.82810,0.09270,0.10790,58.72800,8.86380,8.86380,5.77600,1.19790,0.09940,8.96770,2.59000,34.74950,0.59200,0.74210,0.41660,0.53710,51.14690,2.3936,1.5147
2019-06-30,107.72100,47.03700,60.68400,36.46400,0.08300,57.93000,2.75400,-1.00100,1.75300,-0.27400,2.02700,2.02700,,-0.85600,24.43300,2.75400,15.99700,15.99700,-0.05000,-0.05000,1.92040,0.09360,0.10890,56.33440,2.55660,2.55660,1.62740,-0.79460,0.09390,7.00580,2.13210,42.21240,0.24760,0.31060,0.17670,0.22450,51.14280,-0.0153,-1.1177
2019-03-31,103.30000,46.92000,56.38000,33.20600,-0.34200,54.26600,2.11400,-0.16600,1.94800,1.21300,0.73500,0.73500,,-1.58100,22.99200,2.11400,16.00100,16.00100,-0.10000,-0.10000,1.84790,0.09430,0.10980,54.57890,2.04650,2.04650,1.88580,-1.53050,0.08880,7.52040,2.23780,40.21770,0.08960,0.11250,0.06320,0.08120,51.26820,1.17310,0.06290
2018-12-31,107.80600,48.73400,59.07200,36.00000,8.79700,48.83500,10.23700,1.10000,11.33700,5.85100,5.48600,5.48600,,1.13200,31.52600,10.23700,15.98800,16.04200,0.07000,0.08000,1.96060,0.09490,0.11050,54.79470,9.49580,9.49580,10.51610,1.05000,0.09740,7.72940,2.81440,31.97830,0.66630,0.83580,0.49540,0.60310,51.44810,1.1048,-0.6828
2018-09-30,121.13800,48.04300,73.09500,34.20500,13.31800,42.27100,30.82400,-2.90500,27.91900,7.01000,20.90900,20.90900,,17.02200,52.40700,30.82400,15.95800,16.02100,1.07000,1.06000,1.62220,0.09520,0.11080,60.34030,25.44540,25.44540,23.04730,14.05170,0.10230,6.01290,2.74730,32.75980,2.52210,3.17160,1.76590,2.28210,51.94860,3.2423,0.3112
2018-06-30,117.78800,46.66600,71.12200,35.16700,1.71100,55.36900,15.75300,-2.88500,12.86800,2.08800,10.78000,10.78000,,7.21600,37.86100,15.75300,15.96200,16.01000,0.45000,0.45000,1.67940,0.14570,0.18430,60.38140,13.37400,13.37400,10.92470,6.12630,0.09910,5.99130,2.29320,39.24720,1.31540,1.66050,0.90660,1.12380,51.35410,1.4682,-1.7332
2018-03-31,104.47500,44.06600,60.40900,34.10200,-0.79300,56.20000,4.20900,-2.59100,1.61800,3.92100,-2.30300,-2.30300,,-5.55500,25.71100,4.20900,16.01900,16.01900,-0.35000,-0.35000,1.79620,0.14740,0.19030,57.82150,4.02870,4.02870,1.54870,-5.31710,0.08730,2.98830,2.19120,41.07310,-0.28290,-0.35810,-0.19240,-0.24120,50.92690,1.40730,-1.83210
2017-12-31,107.70100,42.84600,64.85500,34.24700,32.90400,23.54100,41.31400,-0.11800,41.19600,-6.18100,47.37700,47.37700,,43.50600,62.55600,41.31400,16.13800,16.21000,2.70000,2.69000,2.12070,0.14860,0.18770,60.21760,38.35990,38.35990,38.25040,40.39520,0.08930,2.78260,2.47420,36.37490,5.70650,7.19400,3.92970,4.85870,51.80480,1.4494,-0.6407
2017-09-30,122.13200,49.40600,72.72600,35.10000,-36.03400,92.29100,-19.56500,-2.29500,-21.86000,-0.88400,-20.97600,-20.97600,,-24.76000,1.77100,-19.56500,16.17800,16.17800,-1.53000,-1.53000,1.92740,0.15630,0.20290,59.54700,-16.01960,-16.01960,-17.89870,-20.27320,0.10320,3.33620,2.50120,35.98250,-2.66620,-3.41350,-1.77160,-2.24960,49.11870,3.5176,1.6521
2017-06-30,123.24500,50.30000,72.94500,34.74000,-0.14800,57.14200,15.80300,-2.29800,13.50500,2.59600,10.90900,10.90900,,5.88300,38.22300,15.80300,16.19500,16.27400,0.36000,0.36000,2.26700,0.15440,0.19460,59.18700,12.82240,12.82240,10.95790,4.77340,0.10260,3.27770,2.58730,34.78560,1.32960,1.68220,0.90800,1.12430,50.62940,2.0476,0.0334
2017-03-31,128.11500,52.68600,75.42900,33.39100,-1.78800,57.67300,17.75600,-3.04400,14.71200,3.12800,11.58400,11.58400,,6.85900,40.36200,17.75600,16.15700,16.24600,0.42000,0.42000,2.32740,0.14660,0.18720,58.87600,13.85940,13.85940,11.48340,5.35380,0.10740,3.41810,2.64240,34.06040,1.42320,1.68160,0.97070,1.21450,50.27190,1.97520,-0.83790
2016-12-31,128.53100,57.61100,70.92000,36.34600,-1.90800,59.53600,11.38400,-3.79400,7.59000,3.98200,3.60800,3.60800,,1.89600,34.58400,11.38400,16.13100,16.22700,0.12000,0.12000,2.44740,0.15140,0.19380,55.17740,8.85700,8.85700,5.90520,1.47510,0.10730,4.01050,2.82990,31.80330,0.44590,0.52830,0.30110,0.37840,50.13750,1.2098,-1.7062
2016-09-30,138.79500,57.12100,81.67400,35.23100,-2.49600,59.59300,22.08100,-0.78500,21.29600,9.60200,11.69400,11.69400,,7.17100,44.08300,22.08100,16.14800,16.24100,0.44000,0.44000,2.78410,0.11690,0.14720,58.84510,15.90910,15.90910,15.34350,5.16660,0.11900,3.87680,2.68190,33.55860,1.44760,1.72620,1.00290,1.27840,50.05520,2.5296,0.433
2016-06-30,99.99100,38.66900,61.32200,26.97900,-14.15300,59.41000,1.91200,-0.85300,1.05900,2.94500,-1.88600,-1.88600,,-3.08600,18.52300,1.91200,16.14500,16.14500,-0.19000,-0.19000,4.02520,0.05970,0.07880,61.32750,1.91220,1.91220,1.05910,-3.08630,0.09570,4.64210,2.14790,41.90240,-0.23420,-0.26550,-0.18040,-0.22020,49.86570,1.3926,-0.2386
2016-03-31,89.68600,33.45600,56.23000,22.12800,-3.65500,40.33700,15.89300,-0.46400,15.42900,4.63100,10.79800,10.79800,,6.12000,30.56500,15.89300,16.09200,16.19800,0.38000,0.38000,5.47210,0.03170,0.04100,62.69650,17.72070,17.72070,17.20340,6.82380,0.09360,3.82530,1.84000,48.91370,1.41290,1.60110,1.12710,1.36820,47.33840,1.74890,0.73370
2015-12-31,82.91700,34.71700,48.20000,22.60500,-4.33000,40.01200,8.18800,-0.42700,7.76100,1.48100,6.28000,6.28000,0.70200,4.18300,21.29900,8.18800,16.02200,16.14200,0.27000,0.27000,5.55380,0.03370,0.04310,58.13040,9.87490,9.87490,9.36000,5.04480,0.08770,4.22350,2.12500,42.35320,0.82440,0.93440,0.66450,0.79670,47.40630,1.6285,0.1014
2015-09-30,96.78200,35.07200,61.71000,22.06000,-2.53600,39.18600,22.52400,-0.74200,21.78200,10.13400,11.64800,11.64800,,6.57600,37.25500,22.52400,16.04900,16.16500,0.41000,0.41000,5.40260,0.03560,0.04510,63.76190,23.27290,23.27290,22.50630,6.79470,0.10230,3.78340,2.04100,44.09610,1.52600,1.73070,1.23070,1.47180,47.55450,1.9728,1.2242
2015-06-30,90.32600,30.72100,59.60500,19.08700,2.68600,30.87300,28.73200,-0.70600,28.02600,13.00800,15.01800,15.01800,,9.45000,43.34700,28.73200,16.03800,16.15000,0.59000,0.59000,5.17210,0.03760,0.04730,65.98880,31.80920,31.80920,31.02760,10.46210,0.09640,3.04800,1.89390,47.52090,1.98160,2.25040,1.60250,1.90700,46.19550,2.8001,1.931
2015-03-31,85.34400,31.68100,53.66300,19.58200,-0.17900,34.51200,19.15100,-20.51900,-1.36800,-0.48600,-0.88200,-0.88200,0.39000,-3.26900,34.04200,19.15100,15.93900,15.93900,-0.21000,-0.21000,5.39390,0.04000,0.04990,62.87850,22.43980,22.43980,-1.60290,-3.83040,0.09230,3.37680,1.83420,49.06850,-0.11760,-0.13380,-0.09540,-0.11290,46.87390,2.22440,1.35780
2014-12-31,88.51100,34.29500,54.21600,18.55200,-2.61900,34.65300,19.56300,0.50900,20.07200,5.68900,14.38300,14.38300,,12.63100,33.08700,19.56300,15.89800,16.01300,0.79000,0.79000,4.33730,0.04250,0.05270,61.25340,22.10230,22.10230,22.67740,14.27060,0.09570,3.25190,1.67400,53.76250,1.94840,2.22270,1.55490,1.86560,46.35080,1.6852,0.7313
2014-09-30,89.39300,29.77000,59.62300,18.65000,0.02700,31.46500,28.15800,0.32500,28.48300,9.56900,18.91400,18.91400,,16.16700,41.02400,28.15800,15.92300,16.03000,1.02000,1.01000,6.83710,,,66.69760,31.49910,31.49910,31.86270,18.08530,0.10600,3.18330,2.02260,44.49710,2.60910,2.98510,2.24250,2.60910,45.54940,2.4324,1.3979
2014-06-30,83.26900,29.90800,53.36100,18.47800,-0.34600,31.75400,21.60700,0.05300,21.66000,7.33800,14.32200,14.32200,,11.51300,34.56100,21.60700,15.91500,16.02300,0.72000,0.72000,6.27980,,,64.08270,25.94840,25.94840,26.01210,13.82630,0.10020,3.51570,1.86710,48.20310,2.01260,2.29460,1.72400,2.01260,44.68450,1.3187,0.2996
2014-03-31,75.17400,28.20700,46.96700,18.71800,-0.02100,30.71900,16.24800,-0.29500,15.95300,5.55200,10.40100,10.40100,,7.84100,28.25200,16.24800,15.83000,15.95000,0.50000,0.49000,5.94980,,,62.47770,21.61390,21.61390,21.22140,10.43050,0.09100,3.47210,2.00330,44.92700,1.47590,1.68310,1.25840,1.47590,44.30130,-0.56650,-1.11420
2013-12-31,77.02700,33.91800,43.10900,14.79000,-0.03900,27.04800,16.06100,0.38900,16.45000,-1.75800,18.20800,18.20800,1.90600,17.85900,28.30500,16.06100,15.70400,15.81700,1.17000,1.16000,3.89850,,,55.96610,20.85110,20.85110,21.35620,23.18540,0.08960,4.66610,2.04420,44.02610,2.60170,2.97100,2.11790,2.60170,44.24980,-12.4148,-13.41
2013-09-30,79.35000,26.17000,53.18000,18.19700,-2.61000,33.14200,20.03800,-13.04200,6.99600,2.48100,4.51500,4.51500,303.23700,276.22400,38.39800,20.03800,15.73800,15.84500,17.55000,17.43000,2.03130,,,67.01950,25.25270,25.25270,8.81660,348.10840,0.07290,2.91980,1.77050,50.83330,0.64240,0.73300,0.41450,0.64240,44.61360,3.094,2.121
2013-06-30,71.62600,25.61700,46.00900,17.90700,,30.10200,15.90700,-2.70900,13.19800,4.86800,8.33000,8.33000,3.09100,8.85700,28.41200,15.90700,15.70600,15.82100,0.57000,0.56000,1.77980,0.37250,0.64140,64.23510,22.20840,22.20840,18.42630,12.36560,0.08030,0.88110,0.95310,94.42800,2.02980,3.56430,0.93330,1.27370,26.10430,0.648,-0.7878
2013-03-31,64.83200,25.38000,39.45200,16.39800,1.01300,27.37300,12.07900,-2.25000,9.82900,3.94500,5.88400,5.88400,4.03400,8.77600,24.38800,12.07900,15.58800,15.69500,0.56000,0.56000,1.68280,0.38220,0.66780,60.85270,18.63120,18.63120,15.16070,13.53650,0.07140,0.85540,0.93990,95.75270,1.47210,2.66060,0.64790,0.90940,25.47780,1.59170,0.61330
2012-12-31,69.91200,28.82600,41.08600,15.93800,8.25500,19.96600,21.12000,-0.64500,20.47500,11.79900,8.67600,8.67600,5.77500,13.11600,33.72300,21.12000,15.57200,15.66300,0.84000,0.84000,3.39600,0.38890,0.67620,58.76820,30.20940,30.20940,29.28680,18.76070,0.07680,3.58840,1.79880,50.03480,2.20070,2.82940,0.95250,1.34480,25.30910,3.1852,2.3197
2012-09-30,73.31200,27.46700,45.84500,17.25100,-0.00200,29.67400,16.17100,-2.93600,13.23500,4.14500,9.09000,9.09000,8.92200,15.96600,1.19000,16.17100,15.56000,15.65100,1.03000,1.02000,1.64000,0.39970,0.70680,62.53410,22.05780,22.05780,18.05300,21.77820,0.08090,1.17850,0.94920,94.81850,2.37720,4.51430,1.00280,1.42710,24.55850,3.6837,3.9254
2012-06-30,185.49600,83.85600,101.64000,51.99200,,78.57400,23.06600,-3.32000,19.74600,7.97900,11.76700,11.76700,,10.53000,50.84300,23.06600,15.53500,15.60900,0.68000,0.67000,1.56940,0.41190,0.74290,54.79360,12.43480,12.43480,10.64500,5.67670,0.21160,4.19660,2.47130,36.41760,3.19120,6.30550,1.34200,1.87680,23.70640,3.7482,2.9058
2012-03-31,183.08700,83.19900,99.88800,54.72900,,81.75800,18.13000,-2.41200,15.71800,6.78100,8.93700,8.93700,,9.32100,45.70600,18.13000,15.45600,15.55400,0.60000,0.60000,1.47210,0.42370,0.80490,54.55770,9.90240,9.90240,8.58500,5.09100,0.21020,4.05810,2.23540,40.26150,2.48800,5.11540,1.02620,1.43390,23.15360,1.35190,0.12680
2011-12-31,182.94300,90.45300,92.49000,51.76200,-2.42500,81.55100,10.93900,-3.06200,7.87700,4.49400,3.38300,3.38300,,4.14600,-14.17200,10.93900,15.42700,15.53000,0.27000,0.27000,1.26150,0.42180,0.80050,50.55670,5.97940,5.97940,4.30570,2.26630,0.20940,4.34830,2.21200,40.68680,0.95960,2.04220,0.38720,0.55490,22.81600,3.0677,4.6575
2011-09-30,194.34600,83.30800,111.03800,58.97900,2.39700,83.39200,27.64600,-3.23700,24.40900,11.19300,13.21600,13.21600,,11.33600,54.90400,27.64600,15.40100,15.48900,0.74000,0.73000,1.25220,0.43630,0.83220,57.13420,14.22510,14.22510,12.55960,5.83290,0.22430,5.23360,2.17550,41.36940,3.73190,8.14130,1.52540,2.10360,23.02110,2.6942,1.4517
2011-06-30,193.75300,94.92200,98.83100,66.85400,,92.55400,6.27700,-3.90700,2.37000,1.05200,1.31800,1.31800,,1.81500,32.14300,6.27700,15.39400,15.49700,0.12000,0.12000,1.21290,0.45560,0.88830,51.00880,3.23970,3.23970,1.22320,0.93680,0.22430,4.36680,2.76850,32.50910,0.38080,0.86790,0.15260,0.20730,22.47640,1.4208,-0.4599
2011-03-31,188.15400,95.26100,92.89300,57.44500,,82.50300,10.39000,-2.58100,7.80900,3.83000,3.97900,3.97900,,4.49700,35.58900,10.39000,15.38400,15.48500,0.29000,0.29000,1.24410,0.45560,0.88220,49.37070,5.52210,5.52210,4.15030,2.39010,0.23120,4.35640,3.61900,24.86850,1.20010,2.71720,0.48890,0.65330,21.53870,1.35580,0.30510
2010-12-31,194.66400,105.18700,89.47700,58.18500,,80.21500,9.26200,-2.48200,6.78000,4.16000,2.62000,2.62000,,3.27900,33.82700,9.26210,15.32300,15.48300,0.22000,0.21000,1.11560,0.45260,0.86390,45.96490,4.75800,4.75800,3.48290,1.68440,0.23650,3.95230,3.25140,27.68000,0.79630,1.85460,0.31840,0.43590,21.38960,0.1665,-2.6862
2010-09-30,204.96000,103.28500,101.67500,63.82800,0.00000,87.84900,13.82600,-2.74200,11.08400,5.02200,6.06200,6.06200,,6.36500,38.16700,13.82600,15.34900,15.50200,0.41000,0.41000,1.06210,0.43330,0.80190,49.60720,6.74570,6.74570,5.40790,3.10550,0.25200,5.36210,3.27490,27.48170,1.84840,4.35820,0.74540,1.04740,21.32530,2.5489,-0.0028
2010-06-30,164.68900,80.06800,84.62100,47.26400,,76.84700,7.77400,25.23700,33.01100,7.96900,25.04200,25.04200,,24.80400,26.67600,7.77400,15.30000,15.47800,1.62000,1.60000,1.10900,0.43400,0.80190,51.38230,4.72040,4.72040,20.04450,15.06110,0.21020,7.79630,2.64370,34.04330,7.81750,18.90080,3.19660,4.42440,20.89300,3.2711,1.0052
2010-03-31,54.83200,18.38100,36.45100,14.16700,,29.02900,7.42200,-1.10800,6.31400,2.45600,3.85800,3.85800,,4.00600,17.77800,7.42200,15.26000,15.44700,0.26000,0.26000,2.45420,0.19350,0.25280,66.47760,13.53590,13.53590,11.51520,7.30600,0.12370,3.25670,1.99170,45.18710,1.34780,1.84450,0.87050,1.08700,18.72980,0.65310,-0.44030
2009-12-31,59.80200,20.93500,38.86700,12.34900,,27.21400,11.65300,0.52200,12.17500,6.94300,5.23200,5.23200,,5.16400,21.90100,11.65300,15.23400,15.37700,0.34000,0.33000,2.39980,0.19760,0.25930,64.99280,19.48600,19.48600,20.35880,8.63520,0.13390,3.53810,2.22880,40.37980,1.85250,2.54730,1.17160,1.48640,18.53970,1.4256,0.1574
2009-09-30,66.09200,18.96400,47.12800,12.14400,,23.97900,23.14900,-0.86100,22.28800,9.91900,12.36900,12.36900,,11.93600,33.04400,23.14900,15.23700,15.39800,0.78000,0.78000,2.85090,0.20530,0.26100,71.30670,35.02540,35.02540,33.72270,18.05970,0.15050,3.50470,2.07020,43.47490,4.38930,6.03840,2.81590,3.48810,18.49550,1.5957,0.7824
2009-06-30,60.42100,19.48000,40.94100,12.67700,,22.82900,18.11200,-0.81800,17.29400,7.34200,9.95200,9.95200,,9.63700,28.02800,18.11200,15.23200,15.28200,0.63000,0.63000,2.88650,0.21100,0.27020,67.75960,29.97630,29.97630,28.62250,15.94980,0.14220,3.15930,1.98360,45.37160,3.64750,5.07390,2.34140,2.87780,17.90790,1.9043,0.7565
2009-03-31,55.96600,18.18200,37.78400,11.80700,,21.00700,16.77700,-0.79100,15.98600,6.95600,9.03000,9.03000,,8.80200,26.11000,16.77700,15.22900,15.25000,0.58000,0.58000,2.98700,0.21500,0.27680,67.51240,29.97710,29.97710,28.56380,15.72740,0.13300,3.27840,1.89080,47.59870,3.38210,4.74460,2.14570,2.65480,17.53190,1.09810,0.44370
