Date,revenue,cost-goods-sold,gross-profit,selling-general-administrative-expenses,other-operating-income-expenses,operating-expenses,operating-income,total-non-operating-income-expense,pre-tax-income,total-provision-income-taxes,income-after-taxes,income-from-continuous-operations,net-income,ebitda,ebit,basic-shares-outstanding,shares-outstanding,eps-basic-net-earnings-per-share,eps-earnings-per-share-diluted,current-ratio,long-term-debt-capital,debt-equity-ratio,gross-margin,operating-margin,ebit-margin,pre-tax-profit-margin,net-profit-margin,asset-turnover,inventory-turnover,receiveable-turnover,days-sales-in-receivables,roe,return-on-tangible-equity,roa,roi,book-value-per-share,operating-cash-flow-per-share,free-cash-flow-per-share
2024-09-30,1714.40000,1150.00000,564.40000,439.80000,,439.80000,124.60000,-50.10000,74.50000,16.70000,57.80000,57.80000,57.80000,229.80000,124.60000,680.30000,683.00000,0.08000,0.08000,1.53680,0.45790,0.88620,32.92110,7.26780,7.26780,4.34550,3.37140,0.13350,1.47510,1.57620,57.10040,1.04080,-1.58790,0.45010,0.56420,8.15930,0.3581,0.2984
2024-06-30,1702.80000,1121.30000,581.50000,405.70000,,405.70000,175.80000,-61.20000,114.60000,21.70000,92.90000,92.90000,92.90000,281.20000,175.80000,679.40000,682.60000,0.14000,0.14000,1.59030,0.47190,0.94110,34.14960,10.32420,10.32420,6.73010,5.45570,0.13410,1.40940,1.50820,59.67230,1.70930,-2.44000,0.73190,0.90270,7.99740,0.4114,0.3444
2024-03-31,1679.80000,1109.30000,570.50000,424.20000,,424.20000,146.30000,-65.70000,80.60000,20.20000,60.40000,60.40000,60.40000,248.90010,146.30000,678.10000,681.40000,0.09000,0.09000,1.60980,0.48490,0.99750,33.96240,8.70940,8.70940,4.79820,3.59570,0.13160,1.36850,1.48690,60.52680,1.13190,-1.51050,0.47320,0.58300,7.85670,0.20780,0.15690
2023-12-31,1722.80000,1152.40000,570.40010,387.09990,,387.10000,183.30040,-63.80000,119.50000,21.00000,98.50000,98.50000,98.50000,287.00040,183.30040,675.60000,678.40000,0.15000,0.14000,1.61110,0.50110,1.05410,33.10890,10.63970,10.63970,6.93640,5.71740,0.13280,1.39160,1.49780,60.08710,1.87530,-2.32340,0.75930,0.93550,7.76320,0.371,0.2964
2023-09-30,1720.20000,1141.60000,578.60000,368.40000,,368.40000,210.20000,-73.70000,136.50000,28.10000,108.40000,108.40000,108.40000,311.40000,210.20000,676.00000,678.50000,0.16000,0.16000,1.60260,0.50920,1.10330,33.63560,12.21950,12.21950,7.93510,6.30160,0.13440,1.34260,1.49540,60.18310,2.12570,-2.50550,0.84700,1.04330,7.54010,0.3373,0.2821
2023-06-30,1743.90000,1153.90000,590.00000,357.50000,-160.80000,518.30000,71.70000,-73.00000,-1.30000,6.00000,-7.30000,-7.30000,-7.30000,177.59990,71.70000,675.30000,675.30000,-0.01000,-0.01000,1.61220,0.52640,1.17420,33.83220,4.11150,4.11150,-0.07450,-0.41860,0.13350,1.29590,1.43410,62.75590,-0.14570,0.15950,-0.05590,-0.06900,7.41650,0.2504,0.2057
2023-03-31,1780.30000,1155.50000,624.80000,393.60000,,393.60000,231.20010,-75.40000,155.80000,34.30000,121.50000,121.50000,121.50000,335.70010,231.20010,674.70000,678.10000,0.18000,0.18000,1.57370,0.53450,1.21360,35.09520,12.98660,12.98660,8.75130,6.82470,0.13290,1.27820,1.39390,64.56660,2.43260,-2.54980,0.90700,1.13230,7.39830,0.32370,0.28240
2022-12-31,1795.00000,1180.50000,614.49990,362.70000,,362.70000,251.79980,-77.10000,174.70000,33.00000,141.70000,141.70000,141.70000,356.09980,251.79980,650.90000,679.40000,0.20000,0.20000,1.60230,0.54950,1.29500,34.23400,14.02790,14.02790,9.73260,7.89420,0.13330,1.29230,1.47320,61.08970,2.91840,-2.87390,1.05240,1.31460,7.20070,0.3025,0.253
2022-09-30,1856.50000,1205.80000,650.70000,374.90000,,374.90000,275.79990,-67.50000,208.30000,41.30000,167.00000,167.00000,167.00000,379.99990,275.79990,674.10000,679.30000,0.25000,0.25000,1.64970,0.56270,1.34780,35.04980,14.85590,14.85590,11.22000,8.99540,0.14160,1.33240,1.50760,59.69620,3.63720,-3.32740,1.27350,1.59060,6.81010,0.381,0.3235
2022-06-30,1910.50000,1262.80000,647.70000,352.10000,,352.10000,295.60000,-69.30000,226.30000,38.90000,187.40000,187.40000,179.30000,389.40000,295.60000,644.20000,680.20000,0.28000,0.28000,1.63650,0.58470,1.46310,33.90210,15.47240,15.47240,11.84510,9.38500,0.14220,1.36890,1.50480,59.80840,4.19290,-3.44680,1.39530,1.74130,6.63230,0.3348,0.2814
2022-03-31,1950.40000,1260.50000,689.90000,382.90000,,382.90000,307.00000,-65.20000,241.80000,51.40000,190.40000,190.40000,174.30000,425.90000,307.00000,610.10000,681.30000,0.29000,0.28000,1.80110,0.61000,1.57420,35.37220,15.74040,15.74040,12.39750,8.93660,0.14100,1.40680,1.44970,62.08270,5.67630,-3.21610,1.37610,1.70400,7.14080,0.22340,0.18740
2021-12-31,1907.60000,1260.10000,647.49990,433.50010,,433.50000,213.99990,-74.00000,140.00000,46.00000,94.00000,94.00000,77.80000,322.69990,214.00020,590.50000,599.60000,0.13000,0.12000,1.70750,0.62440,1.67340,33.94320,11.21830,11.21830,7.33910,4.07840,0.13730,1.44510,1.56090,57.65830,2.94370,-1.49580,0.67640,0.84120,6.88370,0.4993,0.4329
2021-09-30,1834.30000,1218.40000,615.90000,378.70000,,378.70000,237.20000,-50.70000,186.50000,29.70000,156.80000,156.80000,140.70000,341.30000,237.20000,588.50000,598.10000,0.24000,0.24000,2.70030,0.57480,1.36100,33.57680,12.93140,12.93140,10.16740,7.67050,0.15040,1.44360,1.54830,58.12740,5.05630,-4.34700,1.28530,1.62410,6.73580,0.4301,0.3764
2021-06-30,1858.60000,1232.10000,626.50000,371.80000,,371.80000,254.70010,-39.60000,215.10000,57.30000,157.80000,157.80000,141.60000,344.50010,254.70010,582.60000,591.10000,0.24000,0.24000,1.75850,0.65270,1.89260,33.70820,13.70390,13.70390,11.57320,7.61860,0.16520,1.46520,1.46480,61.43980,7.96090,-3.19180,1.40270,1.83540,5.11550,0.4456,0.406
2021-03-31,1785.60000,1172.80000,612.79990,346.50000,,346.50000,266.29990,-54.90000,211.40000,47.40000,164.00000,164.00000,147.90000,359.19990,266.29990,581.10000,589.10000,0.25000,0.25000,1.79900,0.62140,1.65100,34.31900,14.91380,14.91380,11.83920,8.28290,0.18330,1.50800,1.48610,60.55950,9.09900,-4.15590,1.68400,2.21250,4.82310,0.21540,0.18980
2020-12-31,1790.90000,1209.30000,581.60020,377.00000,,377.00000,204.60020,-177.90000,26.70000,-24.90000,51.60000,51.60000,35.40000,311.00020,204.60030,576.30000,583.40000,0.06000,0.06000,1.79520,0.64540,1.83000,32.47530,11.42440,11.42440,1.49090,1.97670,0.18080,1.63510,1.60860,55.94790,3.08870,-1.21850,0.52090,0.68420,4.61010,0.5131,0.4792
2020-09-30,1605.00000,1098.60000,506.40000,329.20000,,329.20000,177.20000,-285.00000,-107.80000,-65.60000,-42.20000,-42.20000,-58.30000,282.20000,177.20000,577.20000,577.20000,-0.10000,-0.10000,2.02180,0.66460,1.98680,31.55140,11.04050,11.04050,-6.71650,-3.63240,0.16150,1.50530,1.54790,58.14390,-2.72500,0.98180,-0.42460,-0.55460,4.41570,0.4927,0.4658
2020-06-30,1478.70000,988.10000,490.60000,324.00000,,324.00000,166.60000,-87.90000,78.70000,18.50000,60.20000,60.20000,44.00000,270.60000,166.60000,575.60000,582.10000,0.08000,0.08000,2.17550,0.66590,1.99860,33.17780,11.26670,11.26670,5.32220,2.97560,0.14990,1.33930,1.50320,59.87220,3.91650,-1.40720,0.61010,0.79160,4.40880,0.1526,0.1295
2020-03-31,1519.00000,1017.10000,501.90000,343.50000,,343.50000,158.40000,-93.70000,64.70000,17.70000,47.00000,47.00000,30.90000,261.80000,158.40000,573.70000,581.30000,0.05000,0.05000,1.94980,0.67380,2.07150,33.04150,10.42790,10.42790,4.25940,2.03420,0.15520,1.48240,1.45900,61.68470,3.27210,-1.06960,0.48030,0.62830,4.24440,0.43540,0.41370
2019-12-31,1524.00000,1043.60000,480.40010,328.50010,,328.50000,151.90030,-101.90000,50.00000,-20.60000,70.60000,70.60000,54.50000,256.20030,151.89990,401.20000,401.20000,0.72000,0.72000,1.88130,0.67110,2.07800,31.52230,9.96720,9.96720,3.28080,3.57610,0.15590,1.46740,1.54130,58.39370,4.84060,-1.55940,0.72240,0.94320,4.29850,0.4226,0.3619
2019-09-30,1503.80000,1029.80000,474.00000,330.80000,,330.80000,143.20000,-105.90000,37.30000,15.20000,22.10000,22.10000,5.70000,250.70000,143.20000,570.00000,580.70000,0.01000,0.01000,1.87140,0.68360,2.17780,31.52020,9.52250,9.52250,2.48040,0.37900,0.15400,1.44130,1.52930,58.84890,1.63470,-3.10570,0.22640,0.29690,4.12250,0.2461,0.2598
2019-06-30,1532.40000,1041.30000,491.10000,372.00000,,372.00000,119.10000,-169.70000,-50.60000,-1.90000,-48.70000,-48.70000,-317.30000,231.00000,119.10000,323.40000,323.40000,-0.98000,-0.98000,1.71110,0.68020,2.20760,32.04780,7.77210,7.77210,-3.30200,-20.70610,0.15300,1.43090,1.52950,58.84300,-3.46080,1.10470,-0.48610,-0.64610,4.23860,-0.3511,-0.3394
2019-03-31,1480.10000,1004.90000,475.20000,337.60000,,337.60000,137.60000,-133.70000,3.90000,10.10000,-6.20000,-6.20000,-78.00000,246.30000,137.60000,132.80000,132.80000,-0.59000,-0.59000,,,,32.10590,9.29670,9.29670,0.26350,-5.26990,,,,,,,,,,0.56480,0.47140
2018-12-31,,,,,,,,,,,,,,,,,,,0.00000,,,,,,,,,,,,,,,,,,-0.9834,-0.7402
2018-09-30,1494.20000,1015.50000,478.70000,346.50000,,346.50000,132.20000,-131.10000,1.10000,33.40000,-32.30000,-32.30000,-34.40000,243.90000,132.20000,132.80000,132.80000,-0.26000,-0.26000,,,,32.03720,8.84750,8.84750,0.07360,-2.30220,,,,,,,,,,0.8146,0.7455
2018-06-30,1477.90000,1009.90000,468.00000,373.60000,,373.60000,94.40000,-117.90000,-23.50000,-3.40000,-20.10000,-20.10000,-93.10000,94.40000,94.40000,132.70000,132.70000,-0.70000,-0.70000,,,,31.66660,6.38740,6.38740,-1.59010,-6.29950,,,,,,,,,,0.1688,-0.0053
2017-12-31,,,,,,,,,,,,,,,,,,,0.00000,,,,,,,,,,,,,,,,,,0,0
