Date,revenue,cost-goods-sold,gross-profit,selling-general-administrative-expenses,operating-expenses,operating-income,total-non-operating-income-expense,pre-tax-income,total-provision-income-taxes,income-after-taxes,income-from-continuous-operations,net-income,ebitda,ebit,basic-shares-outstanding,shares-outstanding,eps-basic-net-earnings-per-share,eps-earnings-per-share-diluted,current-ratio,long-term-debt-capital,debt-equity-ratio,gross-margin,operating-margin,ebit-margin,pre-tax-profit-margin,net-profit-margin,asset-turnover,inventory-turnover,receiveable-turnover,days-sales-in-receivables,roe,return-on-tangible-equity,roa,roi,book-value-per-share,operating-cash-flow-per-share,free-cash-flow-per-share
2024-08-31,5.85130,1.69760,4.15360,4.29440,4.29440,-0.14070,0.03090,-0.10980,,-0.10980,-0.10980,-0.10980,-0.12780,-0.14070,6.17240,6.17240,-0.02000,-0.02000,2.71400,,0.02750,70.98710,-2.40460,-2.40460,-1.87660,-1.87660,0.51520,0.51860,9.76600,9.21570,-1.39330,-2.03960,-0.96690,-1.39280,1.21950,0.14540,0.14540
2024-05-31,6.50130,1.83710,4.66410,4.49450,4.49460,0.16960,0.05680,0.22640,0.17680,0.04950,0.04950,1.37910,0.21660,0.16960,5.86860,16.16820,0.40000,0.16000,2.84730,,0.02540,71.74170,2.60860,2.60860,3.48190,21.21290,0.59240,0.54130,12.75170,7.05790,0.64380,0.94600,0.45120,0.64340,1.30240,-0.0181,-0.0223
2024-02-29,6.46930,1.84500,4.62430,4.72820,4.72820,-0.10390,0.05750,-0.04630,-0.82740,0.78110,0.78110,0.78110,-0.07630,-0.10390,5.86390,18.57690,0.13000,0.04000,3.07210,0.01610,0.02290,71.48060,-1.60570,-1.60570,-0.71640,12.07370,0.50880,0.53580,8.99140,10.00960,8.91460,12.37840,6.14370,8.74610,1.49460,0.0149,0.0107
2023-11-30,8.42170,2.16370,6.25790,4.99400,4.99410,1.26390,0.11860,1.38250,0.36440,1.01810,1.01810,1.01810,1.29170,1.26390,117.07700,372.45190,0.01000,0.00000,2.30890,0.01790,0.04430,74.30750,15.00780,15.00780,16.41560,12.08880,0.64160,0.91990,8.83410,10.18780,12.85170,18.67840,7.75620,12.58230,0.06790,-0.0179,-0.0154
2023-08-31,6.10630,1.45870,4.64760,4.47380,4.47380,0.17380,0.04670,0.22040,0.06600,0.15450,0.15450,0.15450,0.20200,0.17380,5.85380,18.62260,0.03000,0.01000,2.35440,0.00270,0.04380,76.11140,2.84550,2.84550,3.61010,2.52940,0.56090,0.70470,13.39430,6.71930,2.25390,3.54080,1.41870,2.23970,0.05870,0.02130,0.01860
2023-05-31,6.89520,1.72460,5.17060,4.58740,4.58740,0.58320,0.01240,0.59570,-0.16440,0.76010,0.76010,0.76010,0.61150,0.58320,5.64480,17.86930,0.28000,0.09000,2.57930,0.00550,0.06490,74.98890,8.45840,8.45840,8.63890,11.02360,0.67800,1.31460,16.53460,5.44310,11.43530,18.37290,7.47440,11.33010,1.13780,0.0388,0.0386
2023-02-28,5.65650,1.43800,4.21850,4.00190,4.00190,0.21660,0.00500,0.22160,0.05950,0.16200,0.16200,0.16200,0.23740,0.21660,5.84950,18.62950,0.03000,0.01000,2.25720,0.00920,0.05630,74.57820,3.82900,3.82900,3.91760,2.86480,0.60880,1.05070,12.44420,7.23230,2.77740,4.90260,1.74420,2.74010,0.05000,0.1185,0.1152
2022-11-30,6.73200,1.69300,5.03900,4.05400,4.05400,0.98500,0.00290,0.98790,0.26100,0.72690,0.72690,0.72690,1.01150,0.98500,115.22690,368.99350,0.01000,0.00000,1.85560,,0.06230,74.85200,14.63150,14.63150,14.67530,10.79770,0.66940,0.80100,8.50730,10.57920,13.16420,24.44860,7.22810,13.10480,0.04760,0.0034,0.0033
2022-08-31,4.23740,0.95470,3.28270,3.08330,3.08330,0.19940,0.05090,0.25030,0.07480,0.17550,0.17550,0.17550,0.21910,0.19940,102.40210,314.22390,0.00000,0.00000,1.68730,,0.05200,77.46940,4.70580,4.70580,5.90650,4.14240,0.60820,0.77440,9.90940,9.08230,3.95330,9.37650,2.51960,3.93120,0.03880,0.00260,0.00250
2022-05-31,0.52680,0.21730,0.30950,0.40370,0.40370,-0.09420,0.00030,-0.09580,,-0.09580,-0.09580,-0.09580,-0.09290,-0.09420,41.94590,41.94590,,0.00000,1.13580,,1.23930,58.75340,-17.88040,-17.88030,-18.17650,-18.17650,0.58930,0.67190,4.97340,18.09640,-51.83790,-51.83800,-10.71140,-51.83800,0.00440,-0.0008,-0.0008
2022-02-28,0.47640,0.13460,0.34180,0.43930,0.43930,-0.09750,-0.00360,-0.09930,,-0.09930,-0.09930,-0.09930,-0.09540,-0.09750,41.94590,41.94590,0.00000,0.00000,1.14270,,1.11290,71.74360,-20.46690,-20.46690,-20.84750,-20.84750,0.46600,0.42460,6.92290,13.00040,-38.41990,-38.41990,-9.71570,-38.41990,0.00620,-0.0015,-0.0015
2021-11-30,0.49380,0.11280,0.38100,0.38630,0.38630,-0.00520,0.03340,0.02820,,0.02820,0.02820,0.02820,-0.00310,-0.00520,41.94590,41.94590,0.00000,0.00000,1.26550,,0.78480,77.15750,-1.06050,-1.06050,5.71080,5.71080,0.46570,0.37290,5.75180,15.64730,7.88150,7.88160,2.65950,7.88160,0.00850,-0.0009,-0.0009
2021-08-31,0.83930,0.36390,0.47540,0.48990,0.48980,-0.01450,-0.00160,-0.01600,,-0.01600,-0.01600,-0.01600,-0.01210,-0.01450,41.94590,41.94590,0.00000,0.00000,1.54660,0.34660,1.03420,56.64150,-1.72460,-1.72460,-1.91110,-1.91110,0.78020,1.41410,8.71090,10.33190,-4.86610,-4.86610,-1.49090,-3.17940,0.00790,0.00020,0.00020
2021-05-31,0.35610,0.12210,0.23400,0.42050,0.42060,-0.18650,0.01140,-0.17510,,-0.17510,-0.17510,-0.17510,-0.18420,-0.18650,41.56650,41.56650,,0.00000,1.46150,0.36560,0.99060,65.70810,-52.38120,-52.38120,-49.17590,-49.17590,0.28200,0.27080,3.91880,22.96630,-50.66680,-50.66690,-13.86870,-32.14240,0.00820,-0.0006,-0.0006
2021-02-28,0.36500,0.09350,0.27150,0.39250,0.39250,-0.12100,0.01460,-0.10650,,-0.10650,-0.10650,-0.10650,-0.11870,-0.12100,41.81760,41.81760,0.00000,0.00000,2.02970,0.32210,0.72430,74.38360,-33.16150,-33.16150,-29.16980,-29.16980,0.30610,0.31010,3.96940,22.67320,-22.48000,-22.48000,-8.92980,-15.23880,0.01130,-0.0021,-0.0021
2020-11-30,0.64410,0.24780,0.39620,0.34170,0.34170,0.05460,-0.00150,0.05310,,0.05310,0.05310,0.05310,0.05730,0.05460,41.48590,41.48590,0.00000,0.00000,2.15110,0.32710,0.71650,61.52100,8.47090,8.47090,8.24500,8.24500,0.52810,0.76650,8.15460,11.03670,10.52720,10.52720,4.35430,7.08330,0.01220,0.0035,0.0034
2020-08-31,0.26850,0.13630,0.13220,0.20020,0.20020,-0.06800,-0.00120,-0.06930,,-0.06930,-0.06930,-0.06930,-0.06550,-0.06800,41.37720,41.37720,0.00000,0.00000,1.92400,0.37210,0.80160,49.24310,-25.34510,-25.34510,-25.80290,-25.80290,0.21460,0.26940,3.90220,23.06410,-15.34760,-15.34760,-5.53790,-9.63610,0.01090,0.00040,0.00010
2020-05-31,0.40060,0.22020,0.18040,0.17770,0.17760,0.00280,-0.00290,-0.00020,,-0.00020,-0.00020,-0.00020,0.00520,0.00280,41.28590,41.28590,,0.00000,2.62820,0.36470,0.73130,45.03830,0.68670,0.68670,-0.04620,-0.04620,0.35050,0.76420,2.19870,40.93410,-0.03670,-0.03670,-0.01620,-0.02330,0.01220,0.0024,0.0025
2020-02-29,0.15790,0.04570,0.11210,0.15330,0.15330,-0.04110,-0.00050,-0.04160,,-0.04160,-0.04160,-0.04160,-0.03870,-0.04110,41.28590,41.28590,0.00000,0.00000,3.59910,0.23030,0.43620,71.03120,-26.03940,-26.03940,-26.34850,-26.34850,0.19310,0.13280,2.63450,34.16160,-8.24090,-8.24090,-5.08670,-6.34320,0.01220,-0.0046,-0.0047
2019-11-30,0.32860,0.16970,0.15880,0.18870,0.18870,-0.02990,-0.00050,-0.03040,,-0.03040,-0.03040,-0.03040,-0.02710,-0.02990,41.28590,41.28590,0.00000,0.00000,3.57340,,0.01430,48.34490,-9.09600,-9.09600,-9.24480,-9.24480,0.43680,0.56200,6.21960,14.47030,-5.55910,-5.55910,-4.03860,-5.55910,0.01320,0.0001,0.0002
2019-08-31,0.12570,0.04520,0.08050,0.18340,0.18340,-0.10290,0.00230,-0.10060,,-0.10060,-0.10060,-0.10060,-0.10010,-0.10290,41.28590,41.28590,0.00000,0.00000,4.30280,,0.01360,64.07360,-81.85260,-81.85260,-80.05050,-80.05050,0.16770,0.14590,3.34230,26.92800,-17.44380,-17.44380,-13.42740,-17.44380,0.01400,-0.00010,-0.00040
2019-05-31,0.33030,0.17080,0.15950,0.15450,0.15450,0.00500,-0.00010,0.00490,,0.00490,0.00490,0.00490,0.00730,0.00500,40.92640,40.92640,,0.00000,13.28640,,0.00030,48.29090,1.51030,1.51030,1.49450,1.49450,0.44540,0.64550,4.14970,21.68810,0.72870,0.72920,0.66570,0.72870,0.01640,-0.0014,-0.0014
2019-02-28,0.28110,0.15880,0.12220,0.12570,0.12580,-0.00350,-0.00010,-0.00360,,-0.00360,-0.00360,-0.00360,-0.00190,-0.00350,41.27760,41.27760,0.00000,0.00000,3.66620,,0.00480,43.48370,-1.24920,-1.24920,-1.26950,-1.26950,0.30660,0.37130,7.29630,12.33500,-0.53460,-0.53460,-0.38920,-0.53460,0.01620,0.0007,0.0005
2018-11-30,0.24020,0.15960,0.08050,0.13860,0.13860,-0.05810,0.00000,-0.05800,,-0.05800,-0.05800,-0.05800,-0.05690,-0.05810,40.64990,40.64990,0.00000,0.00000,,,,33.53740,-24.17730,-24.17730,-24.16690,-24.16690,,,,,,,,,,-0.0015,-0.0016
2018-08-31,0.14120,0.06380,0.07740,0.17050,0.17040,-0.09310,-0.00030,-0.09330,,-0.09330,-0.09330,-0.09330,-0.09210,-0.09310,40.50510,40.50510,0.00000,0.00000,3.44230,,0.00050,54.82650,-65.91090,-65.91090,-66.08870,-66.08870,0.24220,0.17830,5.13480,17.52760,-22.21310,-22.21310,-16.00680,-22.21310,0.01040,-0.00210,-0.00210
2018-05-31,0.46680,0.32890,0.13790,0.13880,0.13880,-0.00090,-0.00070,-0.00160,,-0.00160,-0.00160,-0.00160,0.00000,-0.00090,40.25760,40.25760,,0.00000,6.09670,,0.00040,29.54590,-0.19050,-0.19050,-0.34320,-0.34320,0.76590,1.02290,15.56500,5.78220,-0.31210,-0.31210,-0.26280,-0.31210,0.01270,-0.0007,-0.0007
2018-02-28,0.21930,0.13520,0.08400,0.19600,0.19600,-0.11200,-0.00090,-0.11290,,-0.11290,-0.11290,-0.11290,-0.11110,-0.11200,40.50510,40.50510,0.00000,0.00000,3.39630,,0.00040,38.31990,-51.07230,-51.07230,-51.49740,-51.49740,0.30460,0.50570,5.57220,16.15170,-21.92660,-21.92650,-15.68670,-21.92650,0.01270,-0.0022,-0.0022
2017-11-30,0.13590,0.06760,0.06830,0.16860,0.16860,-0.10030,-0.00100,-0.10130,,-0.10130,-0.10130,-0.10130,-0.09970,-0.10030,40.26250,40.26250,0.00000,0.00000,5.08580,,0.00030,50.24760,-73.78690,-73.78690,-74.53370,-74.53370,0.17510,0.18560,8.05050,11.17940,-16.13390,-16.13390,-13.04890,-16.13390,0.01550,-0.0023,-0.0023
2017-08-31,0.11120,0.04450,0.06670,0.19240,0.19240,-0.12570,-0.00100,-0.12670,,-0.12670,-0.12670,-0.12670,-0.12510,-0.12570,30.75230,30.75230,0.00000,0.00000,,,,59.99370,-112.98930,-112.98930,-113.91880,-113.91880,,,,,,,,,,-0.00640,-0.00650
2017-05-31,,,,,,,,,,,,,,,,,,0.00000,,,,,,,,,,,,,,,,,,0.0061,0.0061
2017-02-28,0.15760,0.07370,0.08380,0.19350,0.19360,-0.10970,0.00000,-0.10970,,-0.10970,-0.10970,-0.10970,-0.10920,-0.10970,38.31130,38.31130,0.00000,0.00000,,,,53.20780,-69.59500,-69.59500,-69.59180,-69.59180,,,,,,,,,,-0.0021,-0.0021
2016-11-30,0.14030,0.05920,0.08120,0.19160,0.19160,-0.11040,,-0.11040,,-0.11040,-0.11040,-0.11040,-0.11040,-0.11040,38.18060,38.18060,0.00000,0.00000,,,,57.84630,-78.69190,-78.69190,-78.69190,-78.69190,,,,,,,,,,-0.004,-0.004
