Date,revenue,cost-goods-sold,gross-profit,research-development-expenses,selling-general-administrative-expenses,other-operating-income-expenses,operating-expenses,operating-income,total-non-operating-income-expense,pre-tax-income,total-provision-income-taxes,income-after-taxes,income-from-continuous-operations,income-from-discontinued-operations,net-income,ebitda,ebit,basic-shares-outstanding,shares-outstanding,eps-basic-net-earnings-per-share,eps-earnings-per-share-diluted,current-ratio,long-term-debt-capital,debt-equity-ratio,gross-margin,operating-margin,ebit-margin,pre-tax-profit-margin,net-profit-margin,asset-turnover,inventory-turnover,receiveable-turnover,days-sales-in-receivables,roe,return-on-tangible-equity,roa,roi,book-value-per-share,operating-cash-flow-per-share,free-cash-flow-per-share
2024-09-30,0.00540,0.28600,-0.28060,0.01480,1.63060,,1.64540,-1.92600,2.47660,0.55060,,0.55060,0.55060,,-1.69760,-1.47340,-1.92600,6.86320,6.86320,-0.25000,-0.25000,6.55320,,,-5171.43400,-35495.93000,-35495.93000,10146.65000,-31286.29000,0.00020,0.08910,,,4.80490,4.80490,1.53250,4.80490,1.63570,-1.095,-1.1187
2024-06-30,,1.07490,-1.07490,0.62260,2.26240,,2.88500,-3.95990,10.87450,6.91460,,6.91460,6.91460,,4.36880,-3.35000,-3.95990,5.61570,16.63880,0.78000,0.14000,6.41590,,,,,,,,,0.32430,,,53.88760,53.88770,15.36690,53.88770,1.95230,0.5391,0.5391
2024-03-31,0.05840,1.18320,-1.12490,0.76040,3.33070,,4.09110,-5.21600,1.57720,-3.63880,,-3.63880,-3.63880,,-7.18630,-4.82810,-5.21600,4.92950,4.92950,-1.46000,-1.46000,10.99920,,0.02870,-1927.74100,-8938.92800,-8938.92800,-6235.97200,-12315.66000,0.00120,0.32180,0.42340,212.57840,-51.89230,-51.89230,-7.60090,-51.89230,1.42010,-0.94980,-0.94980
2023-12-31,0.15790,4.35030,-4.19240,1.54750,4.11200,,5.65950,-9.85190,-0.24000,-10.09190,,-10.09190,-10.09190,,-13.36050,-9.51660,-9.85190,4.76450,4.76450,-2.75000,-2.75000,11.36560,,,-2655.22800,-6239.54600,-6239.54700,-6391.55200,-8461.69400,0.00300,1.26760,0.72100,124.83060,-71.38270,-71.38260,-19.09040,-71.38260,2.87710,-1.005,-1.0024
2023-09-30,0.08840,0.23180,-0.14340,1.33520,4.76140,,6.09660,-6.24000,-6.34960,-12.58960,,-12.58960,-12.58960,,-14.19820,-5.86860,-6.24000,4.74420,4.74420,-2.99000,-2.99000,27.57950,,0.00700,-162.27390,-7059.19700,-7059.19700,-14242.40000,-16062.23000,0.00150,0.05330,0.61390,146.60440,-46.09550,-46.09550,-21.05330,-46.09550,5.58510,-1.3109,-1.4771
2023-06-30,0.13950,0.33200,-0.19250,2.40540,3.66860,,6.07400,-6.26650,0.26320,-6.00320,,-6.00320,-6.00320,,-6.00320,-5.96660,-6.26650,4.68460,4.68460,-1.28000,-1.28000,21.86770,,,-137.93710,-4490.67900,-4490.67900,-4302.03600,-4302.03600,0.00320,0.10890,1.33980,67.17560,-14.61060,-14.61060,-13.80250,-14.61060,8.75710,-1.7781,-1.8842
2023-03-31,0.11310,0.21980,-0.10670,2.13000,3.56140,,5.69140,-5.79810,0.32230,-5.47580,,-5.47580,-5.47580,,-5.47580,-5.56360,-5.79810,4.66500,4.66500,-1.17000,-1.17000,25.15550,,,-94.36170,-5127.25700,-5127.25700,-4842.21400,-4842.21400,0.00230,0.14440,1.04960,85.74770,-11.68800,-11.68800,-11.10530,-11.68800,10.03410,-1.40110,-1.56640
2022-12-31,0.60890,1.08380,-0.47490,3.08850,3.37210,,6.46070,-6.93550,0.23490,-6.70070,,-6.70070,-6.70070,,-6.70070,-6.57810,-6.93560,4.63110,4.63110,-1.48000,-1.48000,23.19330,,,-77.99920,-1139.02000,-1139.02000,-1100.44600,-1100.44600,0.01110,1.11690,1.19380,75.39170,-12.87150,-12.87150,-12.18520,-12.87150,11.18280,-1.2493,-1.3829
2022-09-30,0.37320,0.95500,-0.58180,1.83750,3.38490,,5.22240,-5.80420,0.12270,-5.68160,,-5.68160,-5.68160,,-5.68160,-5.58190,-5.80420,4.63680,4.63680,-1.23000,-1.23000,20.19480,,0.00270,-155.90540,-1555.31800,-1555.31800,-1522.45100,-1522.45100,0.00600,0.64550,0.81770,110.06170,-9.72160,-9.73810,-9.14530,-9.72160,12.59160,-0.6681,-0.7879
2022-06-30,0.98160,2.82750,-1.84600,1.04680,3.07890,,4.12570,-5.97170,-0.00280,-5.97440,,-5.97440,-5.97440,,-5.97440,-5.77590,-5.97170,4.62280,4.62280,-1.28000,-1.28000,31.77110,,,-188.06310,-608.38610,-608.38610,-608.66860,-608.66860,0.01470,1.37680,0.51040,176.31840,-9.36550,-9.37710,-8.97030,-9.36550,13.78530,-0.9247,-0.9897
2022-03-31,1.02680,1.17710,-0.15030,0.87260,3.54250,,4.41520,-4.56550,-0.01320,-4.57870,,-4.57870,-4.57870,,-4.57870,-4.38540,-4.56550,4.61340,4.61340,-0.96000,-0.96000,25.56970,0.01170,0.01440,-14.63700,-444.60900,-444.60900,-445.89550,-445.89550,0.01410,0.30520,0.85300,105.51120,-6.59150,-6.59930,-6.26650,-6.51460,15.05570,-1.20200,-1.22660
2021-12-31,0.81330,2.74430,-1.93100,2.31420,3.54530,,5.85960,-7.79060,0.01080,-7.77980,,-7.77980,-7.77980,,-7.77980,-7.59020,-7.79060,4.39650,4.39650,-1.68000,-1.68000,19.81020,,,-237.43610,-957.90910,-957.90930,-956.57730,-956.57730,0.01040,0.73300,0.83890,107.27850,-10.59560,-10.59560,-9.95770,-10.59560,15.93280,-1.9324,-1.9419
2021-09-30,0.55940,0.95550,-0.39610,4.16570,7.45250,,11.61820,-12.01430,0.01230,-12.00210,,-12.00210,-12.00210,,-12.00210,-11.82840,-12.01430,4.53910,4.53910,-2.64000,-2.64000,14.15820,,,-70.81110,-2147.83200,-2147.83200,-2145.64200,-2145.64200,0.00660,0.35780,0.75570,119.09860,-15.32310,-15.34450,-14.10630,-15.32310,17.19920,-2.3845,-2.3881
2021-06-30,0.52210,0.43050,0.09160,3.04210,4.73050,,7.77260,-7.68100,0.01730,-7.66370,,-7.66370,-7.66370,,-7.66370,-7.49690,-7.68100,4.41440,4.41440,-1.76000,-1.76000,21.55610,,0.00280,17.54350,-1471.27600,-1471.27600,-1467.96300,-1467.96300,0.00550,0.24900,0.49370,182.31000,-8.60760,-8.62090,-8.13260,-8.60760,19.61960,-0.8782,-0.9547
2021-03-31,0.78890,0.64450,0.14440,1.92760,3.85970,,5.78730,-5.64290,0.00910,-5.63380,,-5.63380,-5.63380,,-5.63380,-5.47950,-5.64290,4.00090,4.00090,-1.44000,-1.44000,43.00190,0.00010,0.00020,18.30040,-715.31620,-715.31620,-714.16580,-714.16580,0.00810,0.77060,0.74870,120.21250,-5.99490,-6.00330,-5.79650,-5.99420,21.35040,-0.86230,-0.89510
2020-12-31,0.78270,1.12510,-0.34240,0.92110,3.71010,,4.63120,-4.97360,0.21690,-4.75670,,-4.75670,-4.75670,,-4.75670,-4.83880,-4.97360,1.91710,1.91710,0.24000,0.24000,25.25900,0.00040,0.00370,-43.74980,-635.46230,-635.46230,-607.75260,-607.75260,0.01870,0.95890,1.02200,88.06560,-12.08590,-12.13020,-11.33590,-12.08160,11.62340,-3.0086,-3.0746
2020-09-30,0.38870,0.32670,0.06200,0.66410,1.78690,,2.45100,-2.38910,-0.29170,-2.68070,,-2.68070,-2.68070,,-3.11350,-2.17620,-2.38910,2.95000,2.95000,-1.04000,-1.04000,17.39730,0.00750,0.01170,15.94810,-614.70100,-614.70100,-689.74620,-801.08610,0.01150,0.21420,0.93870,95.87630,-8.71480,-8.76330,-7.91880,-8.64900,10.12760,0.4046,0.443
2020-06-30,0.28590,0.20560,0.08030,0.18060,0.95370,,1.13440,-1.05410,-0.47680,-1.53090,,-1.53090,-1.53090,,-1.53090,-0.80390,-1.05410,1.03640,1.03640,-1.44000,-1.44000,5.76510,0.02690,0.07030,28.08060,-368.64620,-368.64620,-535.40140,-535.40140,0.02490,0.19420,0.91330,98.54050,-17.91640,-18.33660,-13.30490,-17.43510,4.14030,-0.6303,-0.6883
2020-03-31,0.14680,0.11320,0.03370,0.15470,1.56850,,1.72320,-1.68950,-0.10560,-1.79520,,-1.79520,-1.79520,,-1.79520,-1.49180,-1.68950,0.49350,0.49350,-3.60000,-3.60000,1.58700,,,22.92730,-1150.79000,-1150.79000,-1222.72300,-1222.72300,0.03400,,,,-97.48790,-97.48750,-41.62390,-97.48750,16.18120,-1.99210,-2.16950
2019-12-31,0.22860,0.18110,0.04750,0.13340,3.94970,,4.08300,-4.03560,-0.03360,-4.06910,,-4.06910,-4.06910,,-2.73750,-3.61010,-4.03560,0.36760,0.36760,24.96000,24.96000,0.83470,0.82180,19.21840,20.78150,-1765.55000,-1765.55000,-1780.23300,-1197.64700,0.08230,0.16190,3.21270,28.01350,45.43320,2322.80300,-146.47020,-1051.53700,0.13970,-2.0902,-2.1627
2019-09-30,0.26550,0.20200,0.06350,0.29770,1.84370,,2.14140,-2.07790,-0.06400,-2.14180,,-2.14180,-2.14180,,-2.14180,-1.91570,-2.07790,0.34920,0.34920,-6.16000,-6.16000,1.68140,,,23.90080,-782.68460,-782.68460,-806.77710,-806.77710,0.07380,,1.50560,59.77650,-121.48970,-121.48950,-59.55410,-121.48950,17.36130,-1.4559,-1.5291
2019-06-30,0.39610,0.30870,0.08740,0.28320,1.54100,,1.82430,-1.73690,-0.07280,-1.80960,,-1.80960,-1.80960,,-1.80960,-1.73690,-1.73690,0.34920,0.34920,-5.20000,-5.20000,1.80440,,,22.05410,-438.49780,-438.49780,-456.86900,-456.86900,0.08250,,1.00240,89.78370,-73.36100,-73.36090,-37.69870,-73.36090,24.40710,27.7496,26.8641
2019-03-31,,,,,0.64410,,,-0.64410,,-0.64410,,-0.64410,-0.64410,-1.33160,-1.97570,-0.64410,-0.64410,0.05290,0.05290,-37.20000,-37.20000,2.27800,,,,,,,,,,,,-18.10700,-18.10700,-11.08640,-18.10700,36.30560,-35.36790,-35.36790
2018-12-31,1.12250,1.25010,-0.12760,0.05690,2.43060,,2.58810,-2.71570,0.00010,-2.71560,,-2.71560,-2.71560,-3.85460,-6.63400,-2.71570,-2.71570,0.04050,0.04050,-163.60000,-163.60000,1.90130,,,-11.37050,-241.94180,-241.94180,-241.93260,-591.01900,0.19940,,,,-89.37620,-89.37610,-48.23310,-89.37610,74.40690,19.8796,30.5758
2018-09-30,1.38910,1.78900,-0.39990,0.06030,2.69100,,2.84530,-3.24520,0.00020,-3.24500,,-3.24500,-3.24500,-0.08370,-4.34780,-3.15120,-3.24520,0.03590,0.03590,-121.20000,-121.20000,1.28830,,,-28.78680,-233.61380,-233.61380,-233.60140,-312.98730,0.10670,,7.23290,12.44320,-42.78020,-42.78020,-24.91830,-42.78020,187.43900,-37.2939,-40.426
2018-06-30,1.87400,2.52880,-0.65480,0.06400,3.34160,,3.48970,-4.14450,0.00070,-4.14380,,-4.14380,-4.14380,0.15160,-4.30910,-4.06030,-4.14450,0.03320,0.03320,-129.60000,-129.60000,1.55820,,,-34.94050,-221.16010,-221.16010,-221.12180,-229.94230,0.12600,,6.45210,13.94900,-45.09050,-45.09050,-27.85660,-45.09050,270.56750,-67.4465,-69.7026
2018-03-31,1.69210,2.29580,-0.60370,0.11420,2.91080,,3.10420,-3.70790,-1.08220,-4.79010,,-4.79010,-4.79010,0.30940,-4.48070,-3.45270,-3.70790,0.02520,0.02520,-177.60000,-177.60000,2.23930,,,-35.67840,-219.13310,-219.13310,-283.09100,-264.80710,0.00990,,0.78340,114.88590,-3.95400,-3.95400,-2.80770,-3.95400,3721.88800,-175.86890,-181.17690
2017-12-31,1.48810,1.67350,-0.18540,0.09010,1.57750,,1.74980,-1.93520,-0.61720,-2.55240,,-2.55240,-2.55240,,-2.55240,-2.59450,-1.93520,0.00940,0.00940,-272.80000,-272.80000,0.27870,-3.56670,-0.78100,-12.45580,-130.04520,-130.04520,-171.51880,-171.51880,1.23010,,7.92980,11.34950,56.84970,56.85080,-210.98120,259.62260,-479.80700,-611.5488,-604.3085
2017-10-31,3.85960,3.06140,0.79820,,1.24910,,1.28800,-0.48970,0.03680,-0.45610,0.00100,-0.45710,-0.45710,,-1.27110,-0.44440,-0.48970,0.00390,0.00390,-326.33470,-326.33470,1.73010,0.02980,0.03070,20.68200,-12.68900,-12.68900,-11.81740,-32.93340,0.52330,,1.32090,68.13700,-16.18380,-14.08900,-6.19800,-13.66900,611.81810,500.1936,502.2545
2017-09-30,1.26960,1.42690,-0.15730,0.00000,2.31940,,2.36500,-2.52230,-0.38060,-2.90290,,-2.90290,-2.90290,,-2.90290,-2.13520,-2.52230,0.00880,0.00880,-330.80000,-330.80000,,,,-12.39160,-198.67790,-198.67790,-228.65670,-228.65670,,,,,,,,,,-407.7206,-443.411
2017-07-31,3.52330,2.75460,0.76880,,1.18450,,1.21450,-0.44580,0.00570,-0.44010,,-0.44010,-0.44010,,-0.44010,-0.05870,-0.44580,0.00350,0.00350,-124.77500,-124.77500,1.56210,0.04090,0.04260,21.82010,-12.65210,-12.65210,-12.49030,-12.49030,0.49790,,0.88030,102.23300,-29.59910,-16.72370,-6.21850,-16.03980,753.49220,254.5468,269.3437
2017-06-30,0.88930,0.95390,-0.06460,,1.35490,,1.40040,-1.46500,-0.32840,-1.79340,,-1.79340,-1.79340,,-1.79340,-1.12270,-1.46500,0.00740,0.00740,-243.20000,-243.20000,,,,-7.26550,-164.73780,-164.73780,-201.66510,-201.66510,,,,,,,,,,-186.2717,-202.2439
2017-04-30,,,,,,,,,,,,,,,,,,,,,0.00000,,,,,,,,,,,,,,,,,,41.592,48.9732
2017-03-31,0.63860,0.48920,0.14930,,0.49610,,0.54150,-0.39210,,-0.39210,,-0.39210,-0.39210,,-0.39210,-0.34680,-0.39210,0.00680,0.00680,-57.60000,-57.60000,,,,23.38770,-61.40510,-61.40510,-61.40510,-61.40510,,,,,,,,,,-41.59200,-48.97320
2017-01-31,4.26370,3.23590,1.02780,,1.46560,,1.50070,-0.47290,0.01800,-0.45500,,-0.45500,-0.45500,,-0.99620,-0.42760,-0.47290,0.00310,0.00310,-316.73660,-316.73660,1.48350,0.05580,0.05910,24.10670,-11.09200,-11.09200,-10.67070,-23.36540,0.62210,,1.16400,77.31860,-26.90200,-19.27260,-6.63800,-18.19680,675.95700,-48.61090,-82.16730
2016-10-31,4.84770,3.81920,1.02850,,1.56730,,1.59530,-0.56680,0.14990,-0.41900,-0.00010,-0.41900,-0.41900,,-0.43870,-0.51810,-0.56680,0.00300,0.00300,-143.97120,-143.97120,1.52940,0.04460,0.04660,21.21670,-11.69280,-11.69280,-8.64350,-9.04930,0.74560,,1.50970,59.61640,-27.61620,-17.55900,-6.44390,-16.77640,798.23130,51.6959,26.7621
2016-07-31,3.41650,2.63550,0.78090,,1.35300,,1.37370,-0.59270,1.15250,0.55980,0.00260,0.55720,0.55720,,0.55720,-0.59270,-0.59270,0.00280,0.00410,201.55970,134.37310,1.61110,0.03740,0.03880,22.85840,-17.34860,-17.34860,16.38540,16.30880,0.47760,,0.78940,114.01610,32.78670,19.86400,7.78980,19.12200,994.91780,-57.3141,-64.8224
2016-04-30,,,,,,,,,,,,,,,,,,,,,0.00000,,,,,,,,,,,,,,,,,,937.855,978.4393
2016-01-31,3.31760,2.52160,0.79600,,1.60280,,1.61890,-0.82280,0.00430,-0.81850,0.00060,-0.81910,-0.81910,,-1.23260,-0.77410,-0.82280,0.00270,0.00270,-451.10970,-451.10970,1.65700,0.03390,0.03510,23.99330,-24.80130,-24.80130,-24.67030,-37.15340,0.47790,,0.88020,102.25490,-48.11780,-29.17130,-11.79870,-28.18270,1007.91300,-937.85500,-978.43930
2015-10-31,3.82420,3.29460,0.52970,,2.55520,,2.56970,-2.04000,-0.00060,-2.04060,,-2.04060,-2.04060,0.83770,-1.98570,-2.02510,-2.04000,0.00250,0.00250,-787.04250,-787.04250,1.59720,0.01520,0.01550,13.85050,-53.34450,-53.34450,-53.36040,-51.92520,0.51480,,0.93560,96.19220,-170.29210,-71.79960,-27.46880,-70.70640,1092.46600,-1020.1898,-1020.1826
2015-07-31,4.46400,3.44720,1.01680,,1.31280,,1.32780,-0.31100,0.39620,0.08520,0.00110,0.08410,0.08410,0.04130,-4.18200,-0.31100,-0.31100,0.00150,0.00150,-2725.85400,-2725.85400,1.15730,0.01430,0.01450,22.77780,-6.96620,-6.96620,1.90930,-93.68280,0.25660,,0.88050,102.21680,12.69100,2.54310,0.48370,2.50670,1442.64600,1.1238,1.1166
2015-04-30,,,,,,,,,,,,,,,,,,,,,0.00000,,,,,,,,,,,,,,,,,,2.4336,2.3908
2015-01-31,5.26220,4.48690,0.77520,,1.23740,,1.25170,-0.47650,-2.37400,-2.85050,0.01470,-2.86520,-2.86520,-0.06910,-3.45240,-0.46150,-0.47650,0.00070,0.00070,-5230.95300,-5230.95300,0.91290,6.04530,-137.50720,14.73170,-9.05480,-9.05480,-54.16920,-65.60760,0.35590,,0.48920,183.95670,42.41260,7966.62200,-19.37920,-40190.66000,-0.00250,-2.43360,-2.39080
2014-10-31,6.08970,5.11250,0.97710,,1.31840,,1.33410,-0.35690,-1.52340,-1.88030,0.00180,-1.88220,-1.88220,-1.88740,-3.83260,0.52600,-0.35690,0.00070,0.00070,-5816.43600,-5816.43600,0.85550,0.58230,17.53700,16.04600,-5.86080,-5.86080,-30.87740,-62.93670,0.34330,,0.59600,151.01250,52.73610,-474.53120,-10.61080,-198.23110,0.02850,1.7859,1.7851
2014-07-31,6.06450,4.78040,1.28400,,1.04500,,1.06120,0.22280,-2.84300,-2.62010,0.02740,-2.64750,-2.64750,0.36080,-2.31220,0.22280,0.22280,0.00070,0.00070,-3512.89700,-3512.89700,0.91390,0.17020,2.40770,21.17320,3.67460,3.67460,-43.20480,-38.12680,0.29120,,0.62540,143.91290,-885.36820,-96.72890,-12.71380,-80.26970,0.19690,-0.9271,-1.1388
2014-04-30,6.23870,5.18520,1.05340,,1.69090,,1.86560,-0.81210,-0.11220,-0.92430,-0.30550,-0.61890,-0.61890,-0.56660,-1.21600,3.00830,-0.81210,0.00070,0.00070,-1902.70300,-1902.70300,1.03820,0.00940,0.01700,16.88540,-13.01780,-13.01780,-14.81640,-65.57310,0.28330,,0.72420,124.27290,-122.11480,-72.22380,-19.57090,-71.54610,9.45140,0.0757,0.0784
2014-01-31,6.26970,4.82990,1.43980,,1.45400,,1.64270,-0.20280,-2.67940,-2.88220,0.10420,-2.98650,-2.98650,-0.51300,-3.54890,0.68010,-0.20280,0.00030,0.00030,-11416.22000,-11416.22000,1.14570,0.08210,0.54850,22.96430,-3.23490,-3.23490,-45.97050,-56.60390,0.28020,,0.66500,135.33190,-62.80420,-41.51780,-13.34660,-38.10810,0.51750,-0.17960,-0.18800
2013-10-31,4.50010,3.57400,0.92610,,1.17070,,1.35930,-0.43310,-0.17060,-0.60380,-0.00590,-0.59790,-0.59790,0.10660,-0.47300,3.29670,-0.43310,0.00010,0.00010,-8245.04600,-8245.04600,1.13460,0.03140,0.75570,20.57960,-9.62490,-9.62490,-13.41650,-10.51090,0.24440,,0.49450,181.99230,-13.16850,-13.16850,-3.24670,-12.75490,3.47210,-0.1658,-0.1797
2013-07-31,4.25570,3.15470,1.10100,,2.88640,,3.08680,-1.98570,-4.20140,-6.18710,0.02420,-6.21130,-6.21130,0.34000,-5.89310,-1.98570,-1.98570,0.00000,0.00000,-124521.30000,-124521.30000,0.81890,-0.03030,-0.72780,25.87160,-46.66000,-46.66000,-145.38300,-138.47340,0.22720,,0.42610,211.19640,108.54310,105.09170,-33.15360,111.82870,-4.51030,3.5357,3.862
2013-04-30,4.96430,3.09650,1.86780,,1.94770,,2.17910,-0.31130,-2.78580,-3.09710,0.29600,-3.39310,-3.39310,-2.78110,-6.18670,3.58010,-0.31130,0.00000,0.00000,-131709.30000,-131709.30000,0.96790,-0.16860,-3.96490,37.62370,-6.27040,-6.27040,-62.38690,-124.62470,0.27360,,0.70060,128.46470,365.86390,,-18.70010,427.56590,-0.93400,-0.4509,-0.5263
2013-01-31,7.57330,5.17300,2.40030,,1.67430,,1.94270,0.45760,-1.56990,-1.11230,-0.01460,-1.09780,-1.09780,-0.07220,-1.22430,4.18740,0.45760,0.00000,0.00000,-26215.02000,-26215.02000,1.08120,0.01710,0.53840,31.69380,6.04230,6.04230,-14.68760,-16.16600,0.31420,,0.69450,129.58200,-20.03200,-33.79300,-4.55410,-19.69000,0.78790,-2.75250,-3.00340
2012-10-31,7.95820,5.01330,2.94490,,2.06110,,2.32930,0.61560,-0.32060,0.29500,-0.19970,0.49470,0.49470,-0.95890,-0.49340,1.69390,0.61560,0.00000,0.00000,-10570.57000,-10570.57000,1.08650,0.00960,0.51700,37.00460,7.73550,7.73550,3.70690,-6.19970,0.37050,,0.70650,127.38110,7.29510,10.91820,2.30320,7.22490,0.97500,-0.7924,-0.8174
2012-07-31,13.44440,10.51410,2.93030,,3.01100,,3.37270,-0.44230,-0.11530,-0.55770,0.13450,-0.69220,-0.69220,1.68530,0.99370,-0.44230,-0.44230,0.00000,0.00000,20929.73000,20929.73000,1.07540,0.00780,0.00860,21.79600,-3.29010,-3.29010,-4.14790,7.39120,0.51800,,0.97590,92.22120,-9.66240,-14.28320,-2.66700,-9.58690,1.03000,-0.1992,-0.4051
2012-04-30,,,,,,,,,,,,,,,,,,,,,0.00000,,,,,,,,,,,,,,,,,,-0.237,-0.1813
2012-01-31,13.12230,14.71000,-1.58760,,3.80590,,4.26140,-5.84910,-0.22720,-6.07630,2.60660,-8.68290,-8.68290,-1.59960,-10.31900,-4.77080,-5.84910,6.95500,6.95500,-1.48000,-1.48000,1.29980,0.01700,0.23330,-12.09890,-44.57360,-44.57360,-46.30530,-78.63700,0.34810,11.96690,0.58890,152.82550,-59.94000,-73.08760,-23.03490,-58.92310,2.08280,0.23700,0.18130
2011-10-31,21.75480,18.37940,3.37550,,3.34860,-0.04060,3.83090,-0.45550,-0.20660,-0.66210,-0.35440,-0.30780,-0.30780,-1.31300,-1.66530,8.63150,-0.45550,6.95500,6.95500,-0.24000,-0.24000,1.54320,0.00870,0.15190,15.51600,-2.09380,-2.09380,-3.04370,-7.65500,0.41930,10.63730,0.81690,110.16750,-1.24560,-1.39520,-0.59320,-1.23490,3.55240,0.2612,0.2331
2011-07-31,18.61610,14.20720,4.40880,,3.25790,-0.04310,3.74020,0.66870,-0.08730,0.58140,0.41190,0.16950,0.16950,-0.18870,-0.03470,0.66870,0.66870,6.95500,6.96400,-0.01000,-0.01000,1.57280,0.00810,0.22030,23.68300,3.59190,3.59190,3.12280,-0.18630,0.35040,8.84420,0.69050,130.34890,0.64080,0.71620,0.31900,0.63560,3.80210,0.1495,0.1328
2011-04-30,,,,,,,,,,,,,,,,,,,,,0.00000,,,,,,,,,,,,,,,,,,-0.026,0.137
2011-01-31,21.42420,16.94200,4.48220,,4.88810,-0.04180,8.09190,-3.60960,-0.28180,-3.89140,-0.56010,-3.33130,-3.33130,0.01000,-3.46280,5.47730,-3.60960,6.95500,6.95500,-0.50000,-0.50000,1.82320,0.00080,0.12810,20.92120,-16.84840,-16.84840,-18.16370,-16.16300,0.26970,5.72930,0.85640,105.09320,-6.28110,-14.47240,-4.19360,-6.27590,7.62570,0.02600,-0.13700
2010-10-31,23.20040,19.32120,3.87920,,5.42460,-0.07360,10.44260,-6.56340,-0.04780,-6.61120,-0.73500,-5.87620,-5.87620,-0.16270,-5.96320,-0.80060,-6.56340,6.95500,6.95500,-0.86000,-0.86000,1.75030,0.00110,0.13820,16.72060,-28.29000,-28.29000,-28.49600,-25.70290,0.27130,6.58550,0.84670,106.28950,-10.46400,-24.95340,-6.87200,-10.45200,8.07430,-0.0034,-0.0268
2010-07-31,28.85250,22.69800,6.15450,,5.91630,-0.06310,6.71400,-0.55950,-0.04460,-0.60400,-0.23840,-0.36570,-0.36570,,-0.37600,-0.55950,-0.55950,6.95500,6.95500,-0.05000,-0.05000,2.52510,0.08490,0.09400,21.33100,-1.93910,-1.93910,-2.09350,-1.30300,0.33010,8.54510,1.21610,74.00800,-0.59340,-1.46620,-0.41830,-0.54300,8.86000,-0.1971,-0.2627
2010-04-30,,,,,,,,,,,,,,,,,,,,,0.00000,,,,,,,,,,,,,,,,,,-0.0304,0.1217
2010-01-31,26.97240,20.56120,6.41120,,5.66070,,6.32340,0.08780,-0.04750,0.04030,-0.01230,0.05260,0.05260,,0.07080,5.85050,0.08780,6.94400,6.96900,0.01000,0.01000,1.95980,0.01480,0.10710,23.76950,0.32550,0.32550,0.14950,0.26260,0.31180,6.91550,0.97940,91.89150,0.08470,0.21100,0.06080,0.08350,8.92750,0.03040,-0.12170
2009-10-31,24.30160,16.75250,7.54910,,6.28670,,6.94480,0.60420,-0.07670,0.52760,0.25460,0.27290,0.27290,,0.33680,1.93370,0.60420,6.94200,6.97600,0.05000,0.05000,2.08120,0.00250,0.09460,31.06420,2.48630,2.48630,2.17090,1.38590,0.28750,5.41460,0.98270,91.58090,0.43910,1.00220,0.32290,0.43800,8.95340,0.0232,-0.0185
2009-07-31,25.28380,18.15780,7.12600,,5.85350,,6.50340,0.62250,-0.06040,0.56210,0.23810,0.32400,0.32400,,0.43490,0.62250,0.62250,6.94200,6.96000,0.06000,0.06000,2.02530,0.00300,0.09610,28.18400,2.46220,2.46220,2.22320,1.72010,0.30000,6.80910,1.03840,86.67470,0.52700,1.21440,0.38440,0.52540,8.85670,0.409,0.3354
2009-04-30,,,,,,,,,,,,,,,,,,,,,0.00000,,,,,,,,,,,,,,,,,,-0.7789,-0.6492
2009-01-31,25.32340,18.36920,6.95420,,5.90410,,6.51880,0.43540,-0.08850,0.35300,0.10100,0.25190,0.25190,,0.17810,1.76490,0.43540,7.07700,7.07700,0.03000,0.03000,2.99250,0.11850,0.13610,27.46150,1.71940,1.71940,1.39390,0.70330,0.30310,6.66160,1.09030,82.54300,0.42890,1.03180,0.30150,0.37810,8.46210,0.77890,0.64920
