Date,revenue,cost-goods-sold,gross-profit,research-development-expenses,selling-general-administrative-expenses,operating-expenses,operating-income,total-non-operating-income-expense,pre-tax-income,total-provision-income-taxes,income-after-taxes,income-from-continuous-operations,net-income,ebitda,ebit,basic-shares-outstanding,shares-outstanding,eps-basic-net-earnings-per-share,eps-earnings-per-share-diluted,current-ratio,long-term-debt-capital,debt-equity-ratio,gross-margin,operating-margin,ebit-margin,pre-tax-profit-margin,net-profit-margin,asset-turnover,inventory-turnover,receiveable-turnover,days-sales-in-receivables,roe,return-on-tangible-equity,roa,roi,book-value-per-share,operating-cash-flow-per-share,free-cash-flow-per-share
2024-09-30,2.07400,1.32800,0.74600,0.82400,2.83400,3.65800,-2.91200,-0.62100,-3.53300,,-3.53300,-3.53300,-3.21500,-2.70300,-2.91200,21.83300,21.83300,-0.15000,-0.15000,0.70830,-0.36960,-2.86510,35.96910,-140.40500,-140.40500,-170.34720,-155.01450,0.20430,3.67870,0.73440,122.54580,700.99380,156.18920,-34.80100,960.05430,-0.02220,-0.0077,-0.011
2024-06-30,1.53800,1.41500,0.12300,0.97800,2.66400,3.64200,-3.51900,0.34500,-3.17400,,-3.17400,-3.17400,-2.57000,-3.27100,-3.51900,20.69250,20.69250,-0.12500,-0.12500,0.52620,-0.64250,-3.96760,7.99740,-228.80360,-228.80360,-206.37190,-167.10010,0.21300,5.87140,0.59340,151.67750,933.52900,149.15410,-43.96730,1533.33300,-0.01630,-0.13,-0.1297
2024-03-31,1.69700,1.37000,0.32700,1.23500,2.81400,4.04900,-3.72200,3.32600,-0.39600,,-0.39600,-0.39600,0.16700,-3.52700,-3.72200,16.34120,16.34120,0.01000,0.01000,0.49980,-0.28860,-1.57470,19.26930,-219.32820,-219.32820,-23.33530,9.84090,0.25040,5.56910,0.72090,124.84380,44.79640,14.65040,-5.84240,57.72600,-0.05360,-0.23870,-0.24060
2023-12-31,1.31900,1.35300,-0.03400,1.30700,3.00700,4.31400,-4.34800,0.14400,-4.20400,,-4.20400,-4.20400,-3.61400,-4.11500,-4.34800,13.89920,13.89920,-0.24500,-0.24500,0.84000,-0.10960,-0.60370,-2.57770,-329.64360,-329.64360,-318.72620,-273.99550,0.15480,5.41200,0.61720,145.81500,182.07020,101.08200,-49.34850,202.01820,-0.15030,-0.1997,-0.1993
2023-09-30,2.58800,2.22000,0.36800,1.20100,4.11900,5.32000,-4.95200,2.36400,-2.58800,,-2.58800,-2.58800,-1.90600,-4.70500,-4.95200,14.74100,14.74100,-0.13000,-0.13000,1.03470,-1.45210,-3.01080,14.21950,-191.34470,-191.34470,-100.00000,-73.64760,0.25400,6.52940,0.87140,103.28440,561.38430,69.58860,-25.40490,1376.59600,-0.03120,-0.1825,-0.1837
2023-06-30,2.86000,2.22200,0.63800,1.22000,4.15600,5.37600,-4.73800,-2.68400,-7.42200,,-7.42200,-7.42200,-6.96800,-4.49300,-4.73800,13.35440,13.35440,-0.47500,-0.47500,1.90230,0.17730,1.07680,22.30770,-165.66430,-165.66430,-259.51050,-243.63640,0.19370,3.57810,0.91870,97.96150,-553.46610,378.28760,-50.26070,-455.33740,0.09150,-0.2389,-0.2495
2023-03-31,4.60800,3.58700,1.02100,1.02300,4.02800,5.05100,-4.03000,0.18700,-3.84300,,-3.84300,-3.84300,-3.57300,-3.72800,-4.03000,12.52080,12.52080,-0.30000,-0.30000,1.10960,0.09830,0.64170,22.15710,-87.45660,-87.45660,-83.39840,-77.53910,0.38390,8.38080,1.20060,74.96090,-156.28310,432.28330,-32.01970,-140.92410,0.18780,-0.19820,-0.19930
2022-12-31,3.82500,2.90800,0.91700,1.08300,4.30500,5.38800,-4.47100,-1.48600,-5.95700,,-5.95700,-5.95700,-5.30000,-4.10800,-4.47100,11.07280,11.07280,-0.45000,-0.45000,1.11300,0.10560,0.60370,23.97390,-116.88900,-116.88900,-155.73860,-138.56210,0.30130,7.75470,0.97010,92.77650,-206.19570,1177.27300,-46.92770,-184.42720,0.23340,-0.1144,-0.1328
2022-09-30,2.65000,2.22000,0.43000,1.20800,5.36500,6.57300,-6.14300,-0.15000,-6.29300,,-6.29300,-6.29300,-5.95500,-6.02300,-6.14300,10.94360,10.94360,-0.55000,-0.55000,1.40210,0.18370,0.25610,16.22640,-231.81130,-231.81130,-237.47170,-224.71700,0.23220,1.89580,0.57120,157.55090,-120.18720,-371.26850,-55.13410,-98.11350,0.47740,-0.1444,-0.1726
2022-06-30,1.43000,1.21900,0.21100,1.10600,2.47500,3.58100,-3.37000,0.00500,-3.36500,,-3.36500,-3.36500,-2.94900,-3.19900,-3.37000,10.90480,10.90480,-0.27500,-0.27500,1.78850,0.08160,0.10720,14.75520,-235.66430,-235.66430,-235.31470,-206.22380,0.11280,0.98860,0.29410,306.06300,-45.71390,-88.80970,-26.55250,-41.98380,0.67470,-0.3794,-0.3794
2022-03-31,1.44600,1.17000,0.27600,1.06500,1.92900,2.99400,-2.71800,-0.01400,-2.73200,,-2.73200,-2.73200,-2.35300,-2.58600,-2.71800,10.73440,10.73440,-0.22500,-0.22500,2.51030,0.03350,0.07470,19.08710,-187.96680,-187.96680,-188.93500,-162.72480,0.09260,0.98650,0.44060,204.27390,-25.20990,-37.76090,-17.49710,-24.36460,0.99790,-0.21350,-0.23260
2021-12-31,0.48700,1.04100,-0.55400,1.20700,2.09200,3.29900,-3.85300,0.32800,-3.52500,,-3.66700,-3.66700,-4.08400,-3.78800,-3.85300,9.33640,9.33640,-0.20000,-0.20000,4.62390,0.04240,0.05880,-113.75770,-791.17030,-791.17050,-723.81950,-838.60310,0.03450,0.90760,0.37720,238.58310,-33.62060,-41.59480,-25.95000,-32.19490,1.03580,-0.3198,-0.3413
2021-09-30,0.27800,0.24400,0.03400,1.59800,1.16100,2.75900,-2.72500,0.59800,-2.12700,,-2.12700,-2.12700,-1.74700,-2.63600,-2.72500,9.53890,9.53890,-0.17500,-0.17500,6.05950,0.05520,0.07790,12.23020,-980.21580,-980.21580,-765.10800,-628.41720,0.01990,0.27290,0.12530,718.05750,-19.28380,-23.95810,-15.23310,-18.21840,1.15020,-0.2247,-0.2238
2021-06-30,1.40400,0.50300,0.90100,0.15300,1.82300,1.97600,-1.07500,-3.43500,-4.51000,,-4.51000,-4.51000,-4.51800,-1.03000,-1.07500,9.15360,9.15360,-0.50000,-0.50000,10.78270,0.04910,0.06930,64.17380,-76.56700,-76.56700,-321.22510,-321.79490,0.09230,1.06570,0.68860,130.70510,-35.15750,-42.34740,-29.64570,-33.43220,1.35190,-0.3253,-0.344
2021-03-31,0.51600,0.24100,0.27500,0.26400,1.52000,1.78400,-1.50900,-28.47700,-29.98600,,-29.98600,-29.98600,-29.94100,-1.45700,-1.50900,8.89080,8.89080,-3.37500,-3.37500,2.43560,0.08170,0.19460,53.29460,-292.44190,-292.44190,-5811.24100,-5802.52000,0.05930,13.38890,0.39720,226.56980,-739.48220,-1624.37800,-344.78560,-679.03080,0.15190,-0.13470,-0.13950
2020-12-31,0.26300,0.21000,0.05300,0.32700,0.81000,1.13700,-1.08400,-3.23500,-4.31900,0.04700,-4.36600,-4.68600,-4.68600,-1.14600,-1.08400,20.11000,20.11000,-0.22500,-0.22500,4.75080,-0.50960,-0.51900,20.15210,-412.16730,-412.16730,-1642.20500,-1781.74900,0.02970,11.05260,0.47910,187.87070,237.50630,111.25360,-52.93720,358.53100,-0.22200,0.1229,0.1116
2020-09-30,0.28100,0.26400,0.01700,0.01000,0.55500,0.56500,-0.54800,-0.24900,-0.79700,-0.02900,-0.76800,-0.76800,-0.76800,-0.43100,-0.54800,6.54360,6.54360,-0.07500,-0.07500,,,,6.04980,-195.01780,-195.01780,-283.62990,-273.30960,,,,,,,,,,-0.0447,-0.0447
2020-06-30,0.23300,0.18700,0.04600,0.03400,0.44800,0.48200,-0.43600,0.08700,-0.34900,0.00200,-0.35100,-0.35100,-0.35100,-0.45300,-0.43600,6.47080,6.47080,-0.05000,-0.05000,,,,19.74250,-187.12450,-187.12450,-149.78540,-150.64380,,,,,,,,,,-0.104,-0.104
2020-03-31,0.29100,0.19200,0.09900,0.04700,0.66000,0.70700,-0.60800,0.13700,-0.47100,-0.00300,-0.46800,-0.46800,-0.46800,-0.43300,-0.60800,19.14080,19.14080,-0.03000,-0.03000,,,,34.02060,-208.93470,-208.93470,-161.85570,-160.82470,,,,,,,,,,-0.02410,-0.02410
2019-12-31,,,,,,,,,,,,,,,,,,,0.00000,,,,,,,,,,,,,,,,,,0,0
