Date,revenue,cost-goods-sold,gross-profit,selling-general-administrative-expenses,other-operating-income-expenses,operating-expenses,operating-income,total-non-operating-income-expense,pre-tax-income,total-provision-income-taxes,income-after-taxes,income-from-continuous-operations,net-income,ebitda,ebit,basic-shares-outstanding,shares-outstanding,eps-basic-net-earnings-per-share,eps-earnings-per-share-diluted,current-ratio,long-term-debt-capital,debt-equity-ratio,gross-margin,operating-margin,ebit-margin,pre-tax-profit-margin,net-profit-margin,asset-turnover,inventory-turnover,receiveable-turnover,days-sales-in-receivables,roe,return-on-tangible-equity,roa,roi,book-value-per-share,operating-cash-flow-per-share,free-cash-flow-per-share
2024-09-30,348.22700,218.48100,129.74600,78.72800,0.11500,78.61300,51.13300,-16.50200,34.63100,6.26800,28.36300,28.36300,28.36300,84.16400,51.13300,145.61820,147.48510,0.20000,0.19000,2.17190,0.24050,0.31910,37.25900,14.68380,14.68380,9.94490,8.14500,0.16060,0.97670,6.97540,12.90250,2.09030,12.09350,1.30840,1.58760,8.63430,0.4102,0.2573
2024-06-30,434.36900,270.04500,164.32400,88.59800,0.04900,88.54900,75.77500,-7.77300,68.00200,17.89200,50.11000,50.11000,50.11000,107.64500,75.77500,145.44000,147.49590,0.34000,0.34000,3.06800,0.29280,0.41840,37.83050,17.44490,17.44490,15.65540,11.53630,0.18560,1.31810,6.42380,14.01050,3.59720,19.19090,2.14080,2.54390,9.62730,1.3223,1.2032
2024-03-31,418.40800,261.33500,157.07300,83.19800,0.08700,83.11100,73.96200,-8.89500,65.06700,15.30900,49.75800,49.75800,49.75800,106.16600,73.96200,145.71070,147.73830,0.34000,0.34000,3.40060,0.29410,0.42100,37.54060,17.67700,17.67700,15.55110,11.89220,0.18230,1.22290,3.11370,28.90490,3.58760,20.27770,2.16760,2.53240,9.53280,-0.1011,-0.231
2023-12-31,240.44400,149.79400,90.65000,77.24600,-2.18500,79.43100,11.21900,30.60500,41.82400,16.67600,25.14800,25.14800,25.14800,43.15600,11.21900,147.29770,148.87630,0.17000,0.17000,2.96430,0.30190,0.43680,37.70110,4.66590,4.66590,17.39450,10.45900,0.10610,0.63670,7.42160,12.12680,1.87760,13.37770,1.10970,1.31080,9.18780,-0.10940,-0.22730
2023-09-30,388.81200,243.51890,145.29310,84.95100,0.02900,84.92200,60.37110,-8.81200,51.55900,12.32800,39.23100,39.23100,39.23100,94.37610,60.37110,150.16230,150.84990,0.27000,0.26000,2.95860,0.29150,0.41570,37.36840,15.52710,15.52710,13.26070,10.09000,0.16590,1.24500,6.74320,13.34680,2.78170,18.11680,1.67380,1.97080,9.04240,0.8418,0.6129
2023-06-30,387.55300,255.63900,131.91400,73.55500,-0.09500,73.65000,58.26400,-10.40800,47.85600,13.21600,34.64000,34.64000,34.64000,91.32800,58.26400,150.14040,151.07000,0.23000,0.23000,3.40920,0.28790,0.40850,34.03770,15.03380,15.03380,12.34830,8.93810,0.16430,1.15530,5.31490,16.93350,2.40920,14.87590,1.46850,1.71550,9.62700,1.1375,1.0927
2023-03-31,377.69200,266.81800,110.87400,74.21100,-0.24900,74.46000,36.41400,-10.77400,25.64000,7.41500,18.22500,18.22500,18.22500,68.85000,36.41400,150.71310,151.26850,0.12000,0.12000,2.95370,0.28870,0.41010,29.35570,9.64120,9.64120,6.78860,4.82540,0.15840,1.06290,2.47270,36.39750,1.27000,8.33940,0.76450,0.90330,9.51420,0.3815,0.2702
2022-12-31,216.25900,174.07200,42.18700,73.51000,0.06600,73.44400,-31.25700,-9.29900,-40.55600,-10.82100,-29.73500,-29.73500,-29.73500,1.78200,-31.25700,150.87760,150.87760,-0.20000,-0.20000,2.90530,0.29240,0.41740,19.50760,-14.45350,-14.45350,-18.75340,-13.74970,0.09210,0.54250,3.16680,28.42010,-2.10470,-16.09220,-1.26600,-1.48940,9.37300,0.04250,-0.15810
2022-09-30,304.63210,243.42300,61.20910,67.16100,,67.65700,-6.44790,-6.18000,-12.62800,0.21500,-12.84300,-12.84300,-12.84300,25.35510,-6.44800,153.51010,154.51780,-0.08000,-0.09000,2.84470,0.29020,0.41300,20.09280,-2.11660,-2.11660,-4.14530,-4.21590,0.12840,0.86380,3.37880,26.63640,-0.89770,-6.72840,-0.54150,-0.63720,9.47230,0.258,0.0584
2022-06-30,394.99100,268.60400,126.38700,78.73700,,78.73700,47.65000,-10.61800,37.03200,9.55600,27.47600,27.47600,27.47600,77.25600,47.65000,153.49340,153.89110,0.18000,0.18000,2.95780,0.28530,0.40230,31.99740,12.06360,12.06360,9.37540,6.95610,0.16320,0.83390,3.89100,23.13010,1.87170,11.79610,1.13510,1.33770,9.64880,0.8595,0.6841
2022-03-31,396.25500,273.79500,122.46000,70.82200,,70.82200,51.63800,-4.01000,47.62800,11.81000,35.81800,35.81800,35.81800,80.68000,51.63800,154.66130,156.12150,0.23000,0.23000,3.00060,0.25290,0.33840,30.90430,13.03150,13.03150,12.01950,9.03910,0.17080,0.91520,2.30800,38.99420,2.39900,14.59180,1.54420,1.79240,9.62570,-0.2374,-0.5481
2021-12-31,259.70800,171.09900,88.60900,63.16900,,63.16900,25.44000,-4.14800,21.29200,4.58500,16.70700,16.70700,16.70700,53.52200,25.44000,154.40720,156.85490,0.11000,0.11000,2.68870,0.24270,0.32040,34.11870,9.79560,9.79560,8.19840,6.43300,0.11720,0.59190,4.11860,21.85200,1.15130,8.98490,0.75420,0.87190,9.36030,-0.19520,-0.61150
2021-09-30,346.12100,239.47800,106.64310,59.84200,,60.86700,45.77600,-3.88300,41.89300,7.58500,34.30800,34.30800,34.30800,72.06000,45.77600,153.77790,156.66640,0.22000,0.22000,3.12430,0.24560,0.32560,30.81090,13.22540,13.22540,12.10360,9.91210,0.15820,1.26780,4.47670,20.10410,2.40390,14.71170,1.56810,1.81340,9.21550,0.5594,0.1866
2021-06-30,327.45400,220.61700,106.83700,72.20300,,72.20300,34.63400,-4.05400,30.58000,8.81100,21.76900,21.76900,21.76900,60.40500,34.63400,153.85430,157.02200,0.14000,0.14000,3.59200,0.25570,0.34360,32.62660,10.57680,10.57680,9.33870,6.64800,0.16020,1.27680,3.63090,24.78740,1.57500,12.36350,1.06500,1.17220,8.92710,0.7129,0.4337
2021-03-31,293.12100,195.27200,97.84900,61.30400,,61.30400,36.54500,-6.34800,30.19700,7.55700,22.64000,22.64000,22.64000,61.81600,36.54500,153.50960,156.74750,0.15000,0.14000,3.62730,0.26030,0.35190,33.38180,12.46760,12.46760,10.30190,7.72380,0.14730,1.17280,2.28180,39.44330,1.67780,17.30600,1.13750,1.24100,8.72050,-0.0785,-0.3692
2020-12-31,212.27800,139.30000,72.97800,53.44800,,53.44800,19.53000,-6.02600,13.50400,3.35600,10.14800,10.14800,10.14800,43.80800,19.53000,153.22640,156.01870,0.07000,0.07000,3.74890,0.26440,0.35950,34.37850,9.20020,9.20020,6.36150,4.78050,0.10940,0.83840,5.14810,17.48210,0.76930,11.53420,0.52280,0.56590,8.52490,0.13010,-0.04300
2020-09-30,263.92000,173.65600,90.26400,151.84500,-0.51000,152.35490,-62.09100,-6.34600,-68.43700,-4.07800,-64.35900,-64.35900,-64.35900,-37.53500,-62.09100,120.77570,120.77570,-0.52000,-0.52000,3.42390,0.26200,0.35510,34.20130,-23.52640,-23.52650,-25.93100,-24.38580,0.13660,1.33510,3.72320,24.17300,-4.93590,-107.04400,-3.33150,-3.64250,8.43190,0.7194,0.3893
2020-06-30,223.71100,148.58800,75.12300,66.78700,-0.36600,67.15300,7.97000,-62.68600,-54.71600,-2.60000,-52.11600,-52.11600,-52.11600,34.56700,7.97000,118.73840,118.73840,-0.44000,-0.44000,4.05740,0.28960,0.40770,33.58040,3.56260,3.56260,-24.45830,-23.29610,0.11590,1.13750,2.81030,32.02550,-4.10520,-426.20550,-2.69990,-2.91630,8.20970,0.724,0.6564
2020-03-31,245.58500,166.21300,79.37200,52.80800,-0.10100,52.90900,26.46300,-19.97500,6.48800,2.40000,4.08800,4.08800,4.08800,50.95000,26.46300,108.16270,108.16270,0.04000,0.04000,,,,32.31960,10.77550,10.77550,2.64190,1.66460,,,,,,,,,,-0.1079,-0.3238
2019-12-31,166.04300,114.75200,51.29100,45.45100,0.07300,45.37800,5.91300,-19.75900,-13.84600,-4.00000,-9.84600,-9.84600,-9.84600,30.05400,5.91300,108.16270,108.16270,-0.09000,-0.09000,,,,30.89020,3.56110,3.56110,-8.33880,-5.92980,,,,,,,,,,-0.52110,-0.69690
2019-09-30,,,,,,,,,,,,,,,,,,,0.00000,,,,,,,,,,,,,,,,,,-0.1873,0.2416
2019-06-30,221.30700,145.89700,75.41000,52.18200,-0.03600,52.21800,23.19200,-21.44000,1.75200,0.24100,1.51100,1.51100,1.51100,23.19200,23.19200,108.16270,108.16270,0.01000,0.01000,,,,34.07480,10.47960,10.47960,0.79170,0.68280,,,,,,,,,,0.1873,-0.2416
2018-09-30,,,,,,,,,,,,,,,,,,,0.00000,,,,,,,,,,,,,,,,,,0,0
