Date,revenue,cost-goods-sold,gross-profit,selling-general-administrative-expenses,operating-expenses,operating-income,total-non-operating-income-expense,pre-tax-income,total-provision-income-taxes,income-after-taxes,income-from-continuous-operations,net-income,basic-shares-outstanding,shares-outstanding,eps-basic-net-earnings-per-share,eps-earnings-per-share-diluted,long-term-debt-capital,debt-equity-ratio,pre-tax-profit-margin,net-profit-margin,asset-turnover,roe,return-on-tangible-equity,roa,roi,book-value-per-share,operating-cash-flow-per-share,free-cash-flow-per-share
2024-09-30,18.36800,5.22500,13.14300,10.56900,10.56900,2.57400,,2.57400,0.58100,1.99300,1.99300,1.99300,12.46070,12.46070,0.16000,0.16000,0.19580,0.24340,20.33500,15.74500,0.00890,1.25260,1.25260,0.14060,1.00740,12.76880,0.2405,0.2043
2024-06-30,18.93100,5.07900,13.85200,11.01300,11.01300,2.83900,,2.83900,0.70500,2.13400,2.13400,2.13400,12.46070,12.46070,0.17000,0.17000,0.21730,0.27760,20.31630,15.27120,0.00950,1.35510,1.35510,0.14440,1.06070,12.63800,0.0235,-0.0285
2024-03-31,18.80600,4.81800,13.98800,11.77800,11.77800,2.21000,,2.21000,0.50000,1.71000,1.71000,1.71000,12.46810,12.46810,0.14000,0.14000,0.21880,0.28010,15.81280,12.23530,0.00940,1.09590,1.09590,0.11550,0.85610,12.52190,0.00070,0.02420
2023-12-31,18.54800,4.49100,14.05700,11.19600,11.19600,2.86100,,2.86100,0.78200,2.07900,2.07900,2.07900,12.62290,12.62290,0.16000,0.16000,0.22330,0.28750,20.82240,15.13100,0.00920,1.33800,1.33800,0.13980,1.03920,12.45470,0.3157,0.2712
2023-09-30,18.13400,3.94000,14.19400,10.92600,10.92600,3.26800,,3.26800,0.89900,2.36900,2.36900,2.36900,12.57850,12.57850,0.19000,0.19000,0.22510,0.29050,23.24660,16.85160,0.00930,1.54080,1.54080,0.15740,1.19390,12.25430,0.3891,0.3509
2023-06-30,17.41700,3.23500,14.18200,11.03200,11.03200,3.15000,,3.15000,0.83800,2.31200,2.31200,2.31200,12.66710,12.66710,0.18000,0.18000,0.22670,0.29320,21.92070,16.08910,0.00940,1.51800,1.51800,0.15140,1.17380,12.08750,0.2045,0.2183
2023-03-31,16.47300,2.66000,13.81300,10.34000,10.34000,3.47300,,3.47300,0.84000,2.63300,2.63300,2.63300,12.72180,12.72180,0.21000,0.21000,0.26400,0.35870,25.23070,19.12820,0.00890,1.72820,1.72820,0.17050,1.27200,12.00240,-0.17880,-0.20370
2022-12-31,17.47000,2.07600,15.39400,10.78200,10.78200,4.61200,,4.61200,1.17400,3.43800,3.43800,3.43800,13.07170,13.07170,0.26000,0.26000,0.11460,0.12950,31.47910,23.46600,0.00930,2.26670,2.26670,0.21820,2.00690,11.90270,0.6736,0.6337
2022-09-30,16.21700,1.00800,15.20900,10.95100,10.95100,4.25800,,4.25800,1.03700,3.22100,3.22100,3.22100,13.06030,13.06030,0.25000,0.25000,0.11500,0.12990,28.65600,21.67710,0.00910,2.13210,2.13210,0.19770,1.88700,11.69090,0.3546,0.3267
2022-06-30,14.72300,0.75400,13.96900,10.65800,10.65800,3.31100,,3.31100,0.74400,2.56700,2.56700,2.56700,13.16500,13.16500,0.19000,0.19000,0.11290,0.12720,24.50780,19.00070,0.00820,1.66550,1.66550,0.15610,1.47750,11.71780,0.2886,0.2381
2022-03-31,12.86200,0.64300,12.21900,10.56500,10.56500,1.65400,,1.65400,0.38600,1.26800,1.26800,1.26800,13.20400,13.20400,0.10000,0.10000,0.13780,0.15990,13.84910,10.61710,0.00720,0.82390,0.82390,0.07640,0.71040,11.67820,-0.60580,-0.63620
2021-12-31,13.70400,0.68600,13.01800,10.12800,10.12800,2.89000,,2.89000,0.51900,2.37100,2.37100,2.37100,14.03120,14.03120,0.18000,0.18000,0.13510,0.15620,21.82940,17.90920,0.00780,1.50570,1.50570,0.13940,1.30230,11.90400,0.4135,0.3602
2021-09-30,13.12200,0.71800,12.40400,10.16000,10.16000,2.24400,,2.24400,0.60000,1.64400,1.64400,1.64400,13.72230,13.72230,0.12000,0.12000,0.13450,0.15540,18.08220,13.24740,0.00750,1.03940,1.03940,0.09900,0.89960,11.82680,-0.034,-0.0753
2021-06-30,12.92300,0.72200,12.20100,9.56300,9.56300,2.63800,,2.63800,0.71200,1.92600,1.92600,1.92600,14.43380,14.43380,0.13000,0.13000,0.12860,0.14760,20.48300,14.95460,0.00780,1.15720,1.15720,0.11630,1.00840,11.78810,0.1857,0.1477
2021-03-31,12.50600,0.66800,11.83800,9.85200,9.85200,1.98600,,1.98600,0.51700,1.46900,1.46900,1.46900,14.72380,14.72380,0.10000,0.10000,0.02280,0.02330,16.31480,12.06770,0.00750,0.85690,0.85690,0.09070,0.83740,11.72270,-0.01160,-0.04540
2020-12-31,14.08400,0.94700,13.13700,9.53000,9.53000,3.60700,,3.63400,1.18900,2.44500,2.44500,2.44500,14.95170,14.95170,0.16000,0.16000,0.02260,0.02310,27.10320,18.23540,0.00840,1.41390,1.41390,0.15310,1.38190,11.70820,0.325,0.2672
2020-09-30,13.74900,1.48800,12.26100,9.59400,9.60000,2.66100,,2.66100,0.71300,1.94800,1.94800,1.94800,14.84220,14.84220,0.13000,0.13000,0.02270,0.02320,21.37690,15.64910,0.00780,1.13000,1.13000,0.12140,1.10430,11.62880,0.1492,0.1259
2020-06-30,14.35700,1.86900,12.48800,9.28400,9.29100,3.19700,,3.19700,0.84500,2.35200,2.35200,2.35200,14.97880,14.97880,0.16000,0.16000,0.02270,0.02320,25.68700,18.89760,0.00780,1.36380,1.36380,0.14760,1.33290,11.58110,0.3928,0.3568
2020-03-31,16.05100,2.68400,13.36700,10.08500,10.09900,3.26800,,3.26800,0.85000,2.41800,2.41800,2.41800,15.20570,15.20570,0.16000,0.16000,,,25.34120,18.75000,0.00890,1.39770,1.39770,0.16670,1.39770,11.47770,0.03700,0.01990
2019-12-31,17.38000,3.10500,14.27500,9.63700,9.65100,4.62400,,4.62400,1.23400,3.39000,3.39000,3.39000,15.59490,15.59490,0.22000,0.22000,0.00030,0.00030,32.59550,23.89680,0.00950,1.94410,1.94410,0.22780,1.94340,11.41330,0.4591,0.4484
2019-09-30,18.10200,3.38600,14.71600,9.36200,9.37500,5.34100,,5.34100,1.41700,3.92400,3.92400,3.92400,15.37400,15.37400,0.26000,0.26000,0.00720,0.00720,35.96630,26.42420,0.01000,2.25690,2.25690,0.26300,2.24070,11.30920,0.4598,0.4536
2019-06-30,17.94800,3.41900,14.52900,13.41500,13.42900,1.10000,,1.10000,0.29300,0.80700,0.80700,0.80700,15.47260,15.47260,0.05000,0.05000,0.00460,0.00470,10.40480,7.63340,0.00690,0.47060,0.47060,0.05260,0.46840,11.15460,0.4306,0.4085
2019-03-31,18.15000,3.30700,14.84300,9.99100,10.01100,4.83200,,4.83200,1.28100,3.55100,3.55100,3.55100,16.20230,16.20230,0.22000,0.22000,0.08370,0.09140,32.36440,23.78430,0.00970,2.01510,2.01510,0.22980,1.84630,11.26440,0.02110,0.00890
2018-12-31,24.82000,3.04300,21.77700,11.53700,11.55800,10.21900,,10.21900,2.80300,7.41600,7.41600,7.41600,17.43440,17.43440,0.43000,0.43000,0.10110,0.11250,47.81040,34.69640,0.01350,3.96260,3.96260,0.46780,3.56200,11.35480,0.354,0.2899
2018-09-30,16.94300,2.40800,14.53500,9.38200,9.40200,5.13300,,5.13300,1.39600,3.73700,3.73700,3.73700,17.36600,17.36600,0.22000,0.22000,0.09950,0.11050,35.25900,25.66970,0.00950,1.94550,1.94680,0.24390,1.75190,11.16370,0.2676,0.2504
2018-06-30,18.11400,2.03900,16.07500,10.21700,10.23800,5.83700,,5.83700,1.20700,4.63000,4.63000,4.63000,17.63400,17.63400,0.26000,0.26000,0.20760,0.26210,36.36310,28.84380,0.01020,2.38380,2.38560,0.29540,1.88880,11.12350,0.358,0.67
2018-03-31,16.28700,1.72700,14.56000,9.57900,9.70100,4.85900,,4.85900,1.30000,3.55900,3.55900,3.55900,17.93100,17.93100,0.20000,0.20000,0.23520,0.30740,32.79120,24.01810,0.00950,1.79430,1.79580,0.22820,1.37240,11.09540,0.20690,0.19850
2017-12-31,16.68100,1.74200,14.93900,9.12400,9.24600,5.69300,,5.69300,4.70200,0.99100,0.99100,0.99100,18.27990,18.28030,0.05000,0.05000,0.23520,0.30750,37.92550,6.60180,0.00920,0.50140,0.50220,0.06100,0.38350,11.00540,0.4287,0.4167
2017-09-30,15.74400,1.61500,14.12900,9.85200,9.97500,4.15400,,4.15400,0.59400,3.56000,3.56000,3.56000,18.14000,18.14000,0.20000,0.20000,0.23370,0.30500,28.93970,24.80150,0.00870,1.78200,1.78560,0.21520,1.36550,11.05950,0.356,0.3337
2017-06-30,15.25600,1.45600,13.80000,9.53400,9.65600,4.14400,,4.14400,1.57200,2.57200,2.57200,2.57200,18.33000,18.33050,0.14000,0.14000,0.20270,0.25430,30.13600,18.70410,0.00850,1.28560,1.28900,0.15840,1.02500,10.97430,0.2786,0.2605
2017-03-31,14.90600,1.27600,13.63000,11.29800,11.42700,2.20300,,2.20300,0.32200,1.88100,1.88100,1.88100,18.64210,18.64750,0.10000,0.10000,0.20490,0.25760,16.35610,13.96540,0.00840,0.93110,0.93410,0.11730,0.74040,10.95560,0.18010,0.17050
2016-12-31,14.52000,1.14800,13.37200,9.52600,9.65500,3.71700,,3.71700,1.45800,2.25900,2.25900,2.25900,18.98800,19.04710,0.13000,0.12000,0.19960,0.24940,26.71990,16.23900,0.00860,1.10310,1.10740,0.13940,0.88290,10.64690,0.3104,0.309
2016-09-30,14.48200,1.01400,13.46800,9.25800,9.38700,4.08100,,4.08100,1.57300,2.50800,2.50800,2.50800,18.78870,18.78910,0.13000,0.13000,0.00690,0.00690,29.16460,17.92330,0.00910,1.23140,1.23700,0.16280,1.22300,10.56860,0.2404,0.2218
2016-06-30,14.11800,0.95200,13.16600,11.69200,11.82100,1.34500,,1.34500,0.51400,0.83100,0.83100,0.83100,19.13010,19.13040,0.04000,0.04000,0.00710,0.00710,11.34930,7.01210,0.00790,0.40200,0.40410,0.05540,0.39920,10.50390,0.1848,0.1733
2016-03-31,14.35300,0.85600,13.49700,10.30400,10.44000,3.05700,,3.05700,1.15300,1.90400,1.90400,1.90400,19.42860,19.43150,0.10000,0.10000,0.07760,0.08410,21.85600,13.61260,0.00930,0.90890,0.91400,0.12590,0.83840,10.50590,0.25880,0.25380
2015-12-31,14.16800,0.73800,13.43000,9.99500,10.13100,3.29900,,3.29900,1.18300,2.11600,2.11600,2.11600,19.91800,19.92150,0.11000,0.11000,0.23250,0.30290,22.80210,14.62540,0.00960,0.99640,1.00260,0.13990,0.76480,10.46280,0.1266,0.1178
2015-09-30,13.85600,0.69900,13.15700,9.14000,9.27600,3.88100,,3.88100,1.53200,2.34900,2.34900,2.34900,19.72600,19.73100,0.12000,0.12000,0.07810,0.08470,27.49950,16.64420,0.00990,1.10240,1.10990,0.16410,1.01630,10.39280,0.1631,0.1588
2015-06-30,13.88200,0.69100,13.19100,9.40700,9.54300,3.64800,,3.64800,1.42400,2.22400,2.22400,2.22400,20.00900,20.01300,0.11000,0.11000,0.01410,0.01440,26.66860,16.25850,0.00950,1.05030,1.05820,0.15450,1.03540,10.32820,0.2879,0.2832
2015-03-31,13.74700,0.68600,13.06100,9.64700,9.78900,3.27200,,3.27200,1.28600,1.98600,1.98600,1.98600,20.25980,20.26570,0.10000,0.10000,0.01460,0.01480,23.73590,14.40700,0.00960,0.91290,0.92020,0.13760,0.89960,10.30930,0.16940,0.16000
2014-12-31,14.18200,0.71400,13.46800,10.04200,10.18500,3.28300,,3.28300,-31.39500,34.67800,34.67800,34.67800,20.17730,20.18640,1.72000,1.72000,0.05640,0.05980,23.08070,243.79920,0.00970,16.04560,16.18460,2.36640,15.14050,10.24170,0.1973,0.157
2014-09-30,14.11600,0.74600,13.37000,9.60100,9.74400,3.62600,,3.62600,0.03600,3.59000,3.59000,3.59000,20.21900,20.23500,0.17000,0.17000,0.01540,0.01560,24.52820,24.28470,0.01040,1.98040,2.00250,0.25270,1.94990,8.59050,0.2549,0.2481
2014-06-30,14.14200,0.77400,13.36800,11.79600,11.93900,1.42900,,1.42900,0.02500,1.40400,1.40400,1.40400,20.14580,20.16010,0.07000,0.07000,0.01690,0.01720,11.51400,11.31250,0.00860,0.78740,0.79690,0.09730,0.77400,8.45030,0.3596,0.3547
2014-03-31,13.61800,0.81200,12.80600,11.69800,11.84700,0.95900,,0.95900,0.01700,0.94200,0.94200,0.94200,20.09900,20.11100,0.05000,0.05000,0.01490,0.01510,7.77780,7.63990,0.00850,0.53260,0.53960,0.06500,0.52470,8.38140,0.07220,0.06600
2013-12-31,13.96100,0.84200,13.11900,11.46400,11.61400,1.50500,,1.50500,,1.50500,1.50500,1.50500,20.02100,20.02500,0.07620,0.07620,0.01710,0.01740,10.52670,10.52670,0.00980,0.85690,0.86900,0.10350,0.84230,8.32280,0.0044,0.0051
2013-09-30,13.84400,0.88200,12.96200,11.77400,11.92300,1.03900,,1.03900,,1.03900,1.03900,1.03900,20.04800,20.05400,0.05000,0.05000,0.01630,0.01650,7.75430,7.75430,0.00930,0.59610,0.60500,0.07210,0.58640,8.26040,0.1671,0.1671
2013-06-30,13.97900,0.93500,13.04400,12.81800,12.96800,0.07600,,0.07600,,0.07600,0.07600,0.07600,19.99000,19.99000,0.00380,0.00380,0.01670,0.01700,0.59200,0.59200,0.00880,0.04390,0.04460,0.00520,0.04310,8.20910,0.2032,0.2027
2013-03-31,15.74200,0.99400,14.74800,13.91400,14.07000,0.67800,,0.67800,0.00000,0.67800,0.67800,0.67800,19.96400,19.96400,0.03000,0.03000,0.01550,0.01580,4.83390,4.83390,0.00960,0.39050,0.39710,0.04620,0.38440,8.23990,0.11360,0.11290
2012-12-31,16.44300,1.05900,15.38400,40.24900,40.40600,-25.02200,,-25.02200,,-25.02200,-25.02200,-25.02200,19.88900,19.88900,-1.26000,-1.26000,0.03120,0.03220,279.76290,279.76290,-0.00600,-14.47280,-14.73170,-1.68930,-14.02130,8.20430,0.1153,0.0925
2012-09-30,16.29900,1.03600,15.26300,20.32900,20.48500,-5.22200,,-5.22200,0.00000,-5.22200,-5.22200,-5.22200,19.91500,19.91500,-0.26000,-0.26000,0.03390,0.03510,-48.30710,-48.30710,0.00720,-2.63740,-2.68070,-0.34820,-2.54800,9.39580,0.2685,0.2492
2012-06-30,17.24200,1.11200,16.13000,15.63200,15.78900,0.34100,,0.34100,-0.45700,0.79800,0.79800,0.79800,19.86000,19.86000,0.04000,0.04000,0.04730,0.04970,2.37050,5.54740,0.00950,0.39320,0.39980,0.05240,0.37460,9.63050,0.2566,0.2158
2012-03-31,18.46600,1.24000,17.22600,14.26900,14.43200,2.79400,,2.79400,0.45700,2.33700,2.33700,2.33700,19.83500,19.83600,0.12000,0.12000,0.04710,0.04950,17.21500,14.39930,0.01050,1.15630,1.17670,0.15090,1.10180,9.59100,0.21500,0.18050
2011-12-31,20.20100,1.38000,18.82100,26.53100,50.76000,-31.93900,,-31.93900,15.11000,-47.04900,-47.04900,-47.04900,19.77000,19.77000,-2.37000,-2.37000,0.04460,0.04660,-351.71230,-518.10360,0.00580,-23.54130,-23.98180,-3.00910,-22.49220,9.48400,0.2709,0.2212
2011-09-30,19.85300,1.62900,18.22400,21.55100,22.02100,-3.79700,,-3.79700,-1.90100,-1.89600,-1.89600,-1.89600,19.73840,19.73840,-0.10000,-0.10000,0.03610,0.03740,-35.02770,-17.49080,0.00660,-0.76730,-0.85990,-0.11600,-0.73960,11.72600,0.1856,0.1364
2011-06-30,20.87900,1.91000,18.96900,17.09800,17.56800,1.40100,-0.23000,1.17100,0.14500,1.02600,1.02600,1.02600,19.71400,19.71550,0.05000,0.05000,0.04790,0.05030,7.41420,6.49610,0.00950,0.40980,0.45950,0.06170,0.39020,11.88150,0.2917,0.2784
2011-03-31,16.91900,1.99600,14.92300,14.76600,15.14800,-0.22500,-1.53100,-1.75600,-0.97900,-0.77700,-0.77700,-0.77700,19.68970,19.68970,-0.04000,-0.04000,0.05820,0.06180,-14.04910,-6.21650,0.00730,-0.30990,-0.34820,-0.04560,-0.29190,11.89730,0.26240,0.25470
2010-12-31,17.35100,2.44200,14.90900,23.28600,23.67800,-8.76900,,-8.85000,-3.37800,-5.47200,-5.47200,-5.47200,19.66400,19.66400,-0.29000,-0.29000,0.08570,0.09380,-130.89780,-80.93480,0.00440,-2.16040,-2.39980,-0.35750,-1.97520,12.01940,0.172,0.1525
2010-09-30,17.85000,3.13800,14.71200,13.21000,13.60900,1.10300,,1.10300,0.36600,0.73700,0.73700,0.73700,19.53000,19.58700,0.04000,0.04000,0.10140,0.11280,7.71710,5.15640,0.00910,0.28400,0.31510,0.04690,0.25520,12.32410,0.7506,0.7443
2010-06-30,18.26300,3.67700,14.58600,14.63600,15.03500,-0.44900,,-0.44900,-0.16100,-0.28800,-0.28800,-0.28800,19.73700,19.73700,-0.01000,-0.01000,0.12060,0.13710,-3.76650,-2.41590,0.00760,-0.11100,-0.12340,-0.01840,-0.09760,12.31710,0.1192,0.1133
2010-03-31,18.60000,3.92900,14.67100,13.12400,13.52900,1.14200,,1.14200,0.42600,0.71600,0.71600,0.71600,19.82000,19.82000,0.04000,0.04000,0.15420,0.18240,8.26340,5.18090,0.00890,0.27150,0.30180,0.04590,0.22960,12.31360,0.22330,0.20070
2009-12-31,20.11500,4.48300,15.63200,17.83700,18.25400,-2.62200,,-2.62200,-1.02600,-1.59600,-1.59600,-1.59600,19.69800,19.69800,-0.09000,-0.09000,0.16150,0.19270,-22.92160,-13.95230,0.00730,-0.60550,-0.67420,-0.10190,-0.50770,12.30870,0.0624,0.0295
2009-09-30,20.17000,4.83800,15.33200,12.18500,12.60700,2.72500,-0.40100,2.32400,0.97300,1.35100,1.35100,1.35100,19.64900,19.64900,0.07000,0.07000,0.21890,0.28030,15.59210,9.06410,0.00950,0.50730,0.56520,0.08580,0.39630,12.43440,0.3194,0.2899
2009-06-30,20.51500,5.50000,15.01500,15.47200,15.89400,-0.87900,,-0.87900,-0.21400,-0.66500,-0.66500,-0.66500,19.64300,19.64300,-0.03000,-0.03000,0.22970,0.29820,-7.22390,-5.46520,0.00770,-0.25160,-0.28110,-0.04230,-0.19380,12.34010,0.2097,0.1608
2009-03-31,20.54800,5.73600,14.81200,13.95700,14.38600,0.42600,,0.42600,0.25400,0.17200,0.17200,0.17200,19.78000,19.78000,0.01000,0.01000,0.31820,0.46680,3.16310,1.27710,0.00860,0.06470,0.07240,0.01100,0.04410,12.36370,0.13270,0.08670
