Date,revenue,cost-goods-sold,gross-profit,research-development-expenses,selling-general-administrative-expenses,other-operating-income-expenses,operating-expenses,operating-income,total-non-operating-income-expense,pre-tax-income,income-after-taxes,income-from-continuous-operations,net-income,ebitda,ebit,basic-shares-outstanding,shares-outstanding,eps-basic-net-earnings-per-share,eps-earnings-per-share-diluted,current-ratio,debt-equity-ratio,gross-margin,operating-margin,ebit-margin,pre-tax-profit-margin,net-profit-margin,asset-turnover,inventory-turnover,receiveable-turnover,days-sales-in-receivables,roe,return-on-tangible-equity,roa,roi,book-value-per-share,operating-cash-flow-per-share,free-cash-flow-per-share
2024-09-30,6.53900,2.82500,3.71400,1.27800,4.53800,,5.81600,-2.10200,-0.58700,-2.68900,-2.68900,-2.68900,-2.68900,-1.75100,-2.10200,17.34160,17.34160,-0.16000,-0.16000,0.80390,0.28820,56.79770,-32.14560,-32.14560,-41.12250,-41.12250,0.25320,0.88610,3.22750,27.88500,-64.96740,-64.96740,-10.41320,-64.96740,0.23890,-0.0926,-0.1153
2024-06-30,6.02700,2.92500,3.10200,1.08800,3.79000,,4.87800,-1.77600,1.08900,-0.68700,-0.68700,-0.68700,-0.68700,-1.41900,-1.77600,16.34880,16.34880,-0.04000,-0.04000,1.03550,0.17370,51.46840,-29.46740,-29.46740,-11.39870,-11.39870,0.22310,1.13900,3.96770,22.68290,-10.25070,-10.25070,-2.54310,-10.25070,0.38680,-0.0404,-0.1424
2024-03-31,5.34400,2.34100,3.00300,1.03400,3.39300,,4.42700,-1.42400,-5.15700,-6.58100,-6.58100,-6.58100,-6.58100,-1.22200,-1.42400,13.75970,13.75970,-0.34970,-0.34970,0.56740,-2.50660,56.19390,-26.64670,-26.64670,-123.14750,-123.14750,0.41380,0.87480,3.70080,24.31890,206.68980,206.68970,-50.96410,206.68970,-0.20170,-0.11470,-0.13080
2023-12-31,4.52000,2.22700,2.29300,1.05200,3.79000,,4.84200,-2.54900,-4.68600,-7.23500,-7.23500,-7.23500,-7.23500,-2.33300,-2.54900,13.54670,13.54670,-0.70900,-0.70900,0.34200,-1.38240,50.73010,-56.39380,-56.39380,-160.06640,-160.06640,0.30130,0.90310,3.67180,24.51110,48.71070,48.71070,-48.22690,48.71070,-1.08600,-0.2172,-0.2378
2023-09-30,3.23900,1.79700,1.44200,0.89400,2.55500,,3.44900,-2.00700,0.28000,-1.72700,-1.72700,-1.72700,-1.72700,-1.79000,-2.00700,13.42070,13.42070,-0.13000,-0.13000,0.32360,-1.28860,44.51990,-61.96360,-61.96360,-53.31890,-53.31890,0.30580,0.86600,2.97430,30.25930,22.28390,22.28390,-16.30320,22.28390,-0.56610,-0.0741,-0.1069
2023-06-30,2.75000,1.64400,1.10600,0.81200,3.16900,,3.98100,-2.87500,0.02500,-2.85000,-2.85000,-2.85000,-2.85000,-2.66600,-2.87500,13.41820,13.41820,-0.21000,-0.21000,0.37940,-1.47430,40.21820,-104.54540,-104.54540,-103.63640,-103.63640,0.26140,0.82490,2.53220,35.54180,46.28880,46.28880,-27.08610,46.28880,-0.44980,-0.2135,-0.2407
2023-03-31,2.16300,1.37100,0.79200,0.61100,2.71600,,3.32700,-2.53500,1.78300,-0.75200,-0.75200,-0.75200,-0.75200,-2.33700,-2.53500,13.31960,13.31960,0.00000,0.00000,0.32220,-1.17800,36.61580,-117.19830,-117.19830,-34.76650,-34.76650,0.25570,0.73790,2.05020,43.89740,14.56240,14.56240,-8.89100,14.56240,-0.38710,-0.12430,-0.15250
2022-12-31,2.44400,1.77800,0.66600,0.56800,2.63500,,3.20300,-2.53700,-0.26900,-2.80600,-2.80600,-2.80600,-2.80600,-2.34500,-2.53700,13.06670,13.06670,-0.69930,-0.69930,0.37520,-1.44190,27.25040,-103.80530,-103.80520,-114.81180,-114.81180,0.26020,1.29030,2.02320,44.48450,47.32670,47.32670,-29.87330,47.32670,-0.45000,-0.1929,-0.2132
2022-09-30,1.51700,1.24300,0.27400,0.55400,2.69700,,3.25100,-2.97700,-0.94700,-3.92400,-3.92400,-3.92400,-3.92400,-2.78300,-2.97700,13.09900,13.09900,0.34970,0.34970,0.50170,-1.72440,18.06200,-196.24260,-196.24260,-258.66840,-258.66840,0.15810,0.83990,1.80170,49.95390,110.78490,110.78490,-40.90060,110.78490,-0.27250,-0.1882,-0.2091
2022-06-30,0.83800,0.73800,0.10000,0.41500,2.15000,,2.56500,-2.46500,0.08900,-2.37600,-2.37600,-2.37600,-2.37600,-2.27500,-2.46500,12.99860,12.99860,-0.34970,-0.34970,0.68470,-2.98730,11.93320,-294.15270,-294.15270,-283.53220,-283.53220,0.09980,0.50340,1.04360,86.24100,335.12010,335.12010,-28.28910,335.11990,-0.05450,-0.1335,-0.1583
2022-03-31,0.69900,0.52000,0.17900,0.77100,2.04100,,2.81200,-2.63300,0.50300,-2.13000,-2.13000,-2.13000,-2.13000,-2.49700,-2.63300,12.99400,12.99400,0.00000,0.00000,1.39950,,25.60800,-376.68090,-376.68090,-304.72100,-304.72100,0.08690,0.42110,0.93200,96.56650,-161.60840,-161.60850,-26.46950,-161.60850,0.10140,-0.19260,-0.22270
2021-12-31,0.73000,0.45800,0.27200,1.94100,-0.48500,,1.45600,-1.18400,-0.56900,-1.75300,-1.75300,-1.75300,-1.75300,-1.04600,-1.18400,12.46020,12.46020,-1.04900,-1.04900,1.93810,,37.26030,-162.19180,-162.19180,-240.13700,-240.13700,0.07150,0.49350,1.17740,76.43840,-61.40110,-61.40110,-17.17280,-61.40110,0.22010,-0.1824,-0.2105
2021-09-30,0.64400,0.44600,0.19800,0.81400,2.06700,,2.88100,-2.68300,-0.36100,-3.04400,-3.04400,-3.04400,-3.04400,-2.56700,-2.68300,12.42170,12.42170,-0.34970,-0.34970,3.49030,,30.74530,-416.61490,-416.61490,-472.67080,-472.67080,0.05200,0.75470,0.96120,93.63350,-78.81930,-78.81930,-24.56030,-78.81930,0.29830,-0.1134,-0.1537
2021-06-30,0.41500,0.30100,0.11400,0.72400,1.78200,,2.50600,-2.39200,4.17100,1.77900,1.77900,1.77900,1.77900,-2.31700,-2.39200,12.34040,12.34040,0.00000,0.00000,1.85420,,27.46990,-576.38560,-576.38560,428.67470,428.67470,0.04970,0.70000,0.71800,125.34940,12707.20000,12707.20000,21.29260,12707.14000,0.00110,-0.1501,-0.192
2021-03-31,0.31300,0.22700,0.08600,0.65000,1.66800,,2.31800,-2.23200,-4.57700,-6.80900,-6.80900,-6.80900,-6.80900,-2.17200,-2.23200,12.09810,12.09810,0.69930,0.69930,0.94290,,27.47600,-713.09910,-713.09910,-2175.39900,-2175.39900,0.03160,1.74620,0.66880,134.56870,243.35240,243.35240,-68.81950,243.35240,-0.22680,-0.09940,-0.12070
2020-12-31,0.26200,0.16500,0.09700,0.37100,2.10700,-0.02600,2.50400,-2.40700,-0.69100,-3.09800,-3.09800,-3.09800,-3.09800,-2.34200,-2.40700,9.72330,9.72330,,0.00000,1.18110,,37.02290,-918.70250,-918.70230,-1182.44300,-1182.44300,0.04940,1.65000,0.74010,121.60310,134.98920,134.98910,-58.40880,134.98910,-0.19540,-0.1797,-0.196
2020-09-30,0.05300,0.03500,0.01800,0.35100,1.24800,-0.00700,1.60600,-1.58800,-0.25600,-1.84400,-1.84400,-1.84400,-1.84400,-1.49600,-1.58800,12.01310,12.01310,0.00000,0.00000,2.53480,-0.02720,33.96230,-2996.22700,-2996.22700,-3479.24500,-3479.24500,0.01350,0.24140,0.17380,517.92460,1254.42700,1254.42300,-46.95700,1254.42200,-0.01170,-0.1452,-0.146
2020-06-30,0.03900,0.02700,0.01200,0.28200,0.58600,-0.13200,1.00000,-0.98800,-0.38200,-1.37000,-1.37000,-1.37000,-1.37000,-0.91900,-0.98800,10.40560,10.40560,0.00000,0.00000,1.07310,-0.01240,30.76920,-2533.33300,-2533.33300,-3512.82000,-3512.82000,0.01230,0.18240,0.10000,899.99990,76.92300,76.92310,-43.09530,76.92310,-0.15060,0.1516,0.1513
2020-03-31,0.04200,0.03100,0.01100,0.26000,0.50000,-0.43400,1.19400,-1.18300,0.91100,-0.27200,-0.27200,-0.27200,-0.27200,-1.12100,-1.18300,2.95280,2.95280,0.00000,0.00000,,,26.19050,-2816.66700,-2816.66700,-647.61910,-647.61910,,,,,,,,,,-0.22520,-0.22560
2019-09-30,0.04400,0.02800,0.01600,0.30700,0.44400,,0.75100,-0.73500,-0.39500,-1.13000,-1.13000,-1.13000,-1.13000,-0.61600,-0.73500,2.77660,2.77660,0.00000,0.00000,,,36.36360,-1670.45500,-1670.45500,-2568.18200,-2568.18200,,,,,,,,,,0.1896,0.1991
2019-06-30,0.06300,0.04100,0.02200,0.39000,-0.31400,,0.07600,-0.05400,-0.69200,-0.74600,-0.74600,-0.74600,-0.74600,-0.05400,-0.05400,1.37970,1.37970,0.00000,0.00000,,,34.92060,-85.71430,-85.71430,-1184.12700,-1184.12700,,,,,,,,,,-0.7828,-0.8024
