Date,revenue,cost-goods-sold,gross-profit,research-development-expenses,selling-general-administrative-expenses,other-operating-income-expenses,operating-expenses,operating-income,total-non-operating-income-expense,pre-tax-income,total-provision-income-taxes,income-after-taxes,income-from-continuous-operations,net-income,ebitda,ebit,basic-shares-outstanding,shares-outstanding,eps-basic-net-earnings-per-share,eps-earnings-per-share-diluted,current-ratio,long-term-debt-capital,debt-equity-ratio,gross-margin,operating-margin,ebit-margin,pre-tax-profit-margin,net-profit-margin,asset-turnover,receiveable-turnover,days-sales-in-receivables,roe,return-on-tangible-equity,roa,roi,book-value-per-share,operating-cash-flow-per-share,free-cash-flow-per-share
2024-09-30,83.71000,19.86300,63.84700,20.84100,49.57500,-9.88000,83.06400,-19.21700,12.49300,-6.72400,0.26900,-6.99300,-6.99300,-6.99300,-15.62900,-19.21700,77.86900,77.86900,-0.09000,-0.09000,2.81170,0.88200,7.47800,76.27170,-22.95660,-22.95660,-8.03250,-8.35380,0.24980,1.92980,46.63740,-24.12540,16.40010,-2.08650,-2.84570,0.37000,0.071,0.0574
2024-06-30,81.82900,19.81100,62.01800,20.28700,49.86100,-2.57200,75.50600,-13.48800,2.36500,-11.12300,0.13200,-11.25500,-11.25500,-11.25500,-9.47900,-13.48800,77.45600,77.45600,-0.15000,-0.15000,4.51330,0.92880,13.05520,75.78980,-16.48320,-16.48320,-13.59300,-13.75430,0.18080,1.81620,49.55290,-43.10440,23.47290,-2.48730,-3.07030,0.33590,0.152,0.1384
2024-03-31,80.36000,18.43900,61.92100,19.98800,47.36100,0.00000,70.14900,-8.22800,2.12600,-6.10200,0.29000,-6.39200,-6.39200,-6.39200,-4.24500,-8.22800,76.62600,76.62600,-0.08000,-0.08000,5.05620,0.92660,12.64990,77.05450,-10.23890,-10.23890,-7.59330,-7.95420,0.18160,2.04470,44.01670,-23.74530,12.84800,-1.44460,-1.74220,0.34860,-0.04460,-0.05510
2023-12-31,84.14900,18.94600,65.20300,19.50900,47.90600,-0.21900,70.89200,-5.68900,1.96100,-3.72800,-0.55200,-3.17600,-3.17600,-3.17600,-1.69500,-5.68900,75.14300,75.14300,-0.04000,-0.04000,4.83370,0.93010,13.30100,77.48520,-6.76060,-6.76060,-4.43020,-3.77430,0.18950,2.23130,40.33520,-12.43880,5.92480,-0.71520,-0.86980,0.33420,0.1751,0.1611
2023-09-30,78.04500,19.05400,58.99100,21.70300,50.59500,-5.79500,81.19300,-22.20200,2.03700,-20.16500,0.14500,-20.31000,-20.31000,-20.31000,-18.57100,-22.20200,75.38700,75.38700,-0.27000,-0.27000,5.09340,0.94470,17.09670,75.58590,-28.44770,-28.44770,-25.83770,-26.02350,0.17900,1.50670,59.73130,-102.18840,39.54590,-4.65850,-5.65310,0.26120,-0.4162,-0.43
2023-06-30,75.44300,18.75600,56.68700,21.40300,50.02100,0.00000,77.58200,-20.89500,2.04000,-18.85500,0.21000,-19.06500,-19.06500,-19.06500,-17.46100,-20.89500,74.79000,74.79000,-0.25000,-0.25000,4.05580,0.92640,12.60900,75.13890,-27.69640,-27.69640,-24.99240,-25.27070,0.16140,1.44660,62.21370,-70.82090,41.13630,-4.07800,-5.20960,0.35840,0.1995,0.1861
2023-03-31,71.75700,17.44600,54.31100,20.84500,50.54600,-0.42000,77.96900,-23.65800,1.73500,-21.92300,0.19700,-22.12000,-22.12000,-22.12000,-20.26100,-23.65800,74.14200,74.14200,-0.30000,-0.30000,4.69180,0.90750,9.81390,75.68740,-32.96960,-32.96960,-30.55170,-30.82630,0.15550,1.21600,74.01100,-64.22770,54.13740,-4.79300,-5.93940,0.46170,-0.28100,-0.29540
2022-12-31,72.43100,18.49200,53.93900,22.67000,52.83400,,88.62700,-34.68800,1.96200,-32.72600,0.25400,-32.98000,-32.98000,-32.98000,-31.40500,-34.68800,73.22600,73.22600,-0.45000,-0.45000,4.75020,0.88080,7.38960,74.46950,-47.89100,-47.89110,-45.18230,-45.53300,0.15280,2.06520,43.57910,-72.21050,104.16930,-6.95700,-8.60720,0.61760,-0.0413,-0.055
2022-09-30,72.39100,17.52500,54.86600,22.24500,54.90500,0.00000,85.42600,-30.56000,0.34900,-30.21100,0.08600,-30.29700,-30.29700,-30.29700,-27.08700,-30.56000,73.50800,73.50800,-0.41000,-0.41000,5.66220,0.83810,5.17720,75.79120,-42.21520,-42.21520,-41.73310,-41.85190,0.15040,1.50610,59.75550,-46.54340,215.56020,-6.29390,-7.53470,0.88320,-0.6883,-0.6978
2022-06-30,68.20300,16.86000,51.34300,22.39400,53.55900,,90.48300,-39.14000,-0.42500,-39.56500,0.04000,-39.60500,-39.60500,-39.60500,-35.82900,-39.14000,73.08400,73.08400,-0.54000,-0.54000,5.34130,0.79840,3.96000,75.27970,-57.38750,-57.38750,-58.01060,-58.06930,0.12900,1.48560,60.57970,-46.60560,-1036.50900,-7.49260,-9.39630,1.15790,-0.1874,-0.2166
2022-03-31,66.05000,17.10300,48.94700,20.94400,49.48500,,85.12600,-36.17900,-0.74300,-36.92200,0.11500,-37.03700,-37.03700,-37.03700,-32.86500,-36.17900,72.47600,72.47600,-0.51000,-0.51000,6.68520,0.75360,3.05820,74.10600,-54.77520,-54.77520,-55.90010,-56.07420,0.12350,1.61120,55.86000,-33.70770,-107.50950,-6.92270,-8.30610,1.51190,-0.30330,-0.32180
2021-12-31,64.89700,16.64100,48.25600,19.75500,48.03400,,82.07100,-33.81500,-0.72600,-34.54100,-0.29700,-34.24400,-34.24400,-34.24400,-30.69800,-33.81500,70.93300,70.93300,-0.49000,-0.49000,7.23680,0.70810,2.42640,74.35780,-52.10570,-52.10570,-53.22440,-52.76670,0.11680,1.63030,55.20350,-24.76280,-56.30010,-6.16500,-7.22710,1.91240,-0.127,-0.1415
2021-09-30,59.28500,12.40300,46.88200,16.53200,40.47100,,68.19700,-21.31500,-0.09600,-21.41100,0.25700,-21.66800,-21.66800,-21.66800,-19.14400,-21.31500,71.37200,71.37200,-0.30000,-0.30000,9.44380,0.67520,2.07860,79.07900,-35.95350,-35.95350,-36.11540,-36.54890,0.10580,1.75530,51.27350,-13.44260,-25.65630,-3.86590,-4.36640,2.25060,-0.1946,-0.2035
2021-06-30,49.01300,10.18500,38.82800,14.72500,35.26700,,51.09900,-12.27100,0.05600,-12.21500,0.00600,-12.22100,-12.22100,-12.22100,-11.54000,-12.27100,70.62200,70.62200,-0.17000,-0.17000,5.69320,,,79.21980,-25.03620,-25.03620,-24.92200,-24.93420,0.18390,1.69140,53.20890,-5.79010,-5.79010,-4.58550,-5.79010,2.96820,-0.0637,-0.08
2021-03-31,46.66000,9.25000,37.41000,13.53500,32.41700,,45.95200,-8.54200,-0.00200,-8.54400,,-8.54400,-8.54400,-8.54400,-7.83600,-8.54200,69.79200,69.79200,-0.12000,-0.12000,6.11870,,,80.17570,-18.30690,-18.30690,-18.31120,-18.31120,0.17360,1.79000,50.27930,-3.96770,-3.96770,-3.17820,-3.96770,3.06330,-0.18280,-0.18970
2020-12-31,43.14300,10.21600,32.92700,13.94200,32.78900,,46.73100,-13.80400,-0.37800,-14.18200,0.01900,-14.20100,-14.20100,-14.19700,-12.80300,-13.80400,39.09200,39.09200,0.02000,0.02000,5.53690,,,76.32060,-31.99600,-31.99600,-32.87210,-32.90690,0.15600,1.88450,47.75890,-6.55150,-6.55150,-5.13360,-6.55150,3.11830,-0.2085,-0.2309
2020-09-30,39.73500,8.59300,31.14200,12.12400,29.07300,,41.19700,-10.05500,-0.81400,-10.86900,-0.01400,-10.85500,-10.85500,-8.12300,-9.26500,-10.05500,49.35500,49.35500,-0.16000,-0.16000,4.05740,0.05930,0.13810,78.37420,-25.30510,-25.30510,-27.35370,-20.44290,0.16870,1.85180,48.60250,-6.84870,-6.84870,-4.60930,-6.44220,2.33750,0.4174,0.444
2020-06-30,36.31600,7.83700,28.47900,11.34500,24.51700,,35.86200,-7.38300,-1.09500,-8.47800,0.00300,-8.48100,-8.48100,-10.43400,-6.34100,-7.38300,19.14900,19.14900,-0.54000,-0.54000,1.47540,-0.34320,-0.26370,78.42000,-20.32990,-20.32990,-23.34510,-28.73110,0.45610,1.79390,50.16960,3.13520,3.13520,-10.65230,4.21130,-13.95940,-0.3517,-0.3742
2020-03-31,33.17400,7.48000,25.69400,10.92100,22.22800,,33.14900,-7.45500,3.44900,-4.00600,0.01700,-4.02300,-4.02300,-5.76800,-6.43000,-7.45500,18.64500,18.64500,-0.31000,-0.31000,,,,77.45220,-22.47240,-22.47240,-12.07570,-17.38710,,,,,,,,,-0.53580,-0.56780
2019-12-31,,,,,,,,,,,,,,,,,,,,0.00000,,,,,,,,,,,,,,,,,1.7323,2.0288
2019-09-30,28.26400,6.80600,21.45800,10.86200,20.87300,,31.73500,-10.27700,-0.44100,-10.71800,0.00700,-10.72500,-10.72500,-12.59000,-9.62800,-10.27700,17.95900,17.95900,-0.70000,-0.70000,,,,75.91990,-36.36070,-36.36070,-37.92100,-44.54430,,,,,,,,,-0.5296,-0.5948
2019-06-30,27.23500,6.22700,21.00800,10.46800,21.18500,,31.65300,-10.64500,-0.38000,-11.02500,0.00700,-11.03200,-11.03200,-12.83000,-10.64500,-10.64500,17.59200,17.59200,-0.73000,-0.73000,,,,77.13600,-39.08570,-39.08570,-40.48100,-47.10850,,,,,,,,,-1.2027,-1.434
2018-12-31,,,,,,,,,,,,,,,,,,,,0.00000,,,,,,,,,,,,,,,,,0,0
