Date,revenue,cost-goods-sold,gross-profit,research-development-expenses,selling-general-administrative-expenses,other-operating-income-expenses,operating-expenses,operating-income,total-non-operating-income-expense,pre-tax-income,total-provision-income-taxes,income-after-taxes,income-from-continuous-operations,net-income,ebitda,ebit,basic-shares-outstanding,shares-outstanding,eps-basic-net-earnings-per-share,eps-earnings-per-share-diluted,current-ratio,debt-equity-ratio,gross-margin,operating-margin,ebit-margin,pre-tax-profit-margin,net-profit-margin,asset-turnover,receiveable-turnover,days-sales-in-receivables,roe,return-on-tangible-equity,roa,roi,book-value-per-share,operating-cash-flow-per-share,free-cash-flow-per-share
2024-09-30,74.87700,55.04000,19.83700,0.80000,22.57400,,23.37400,-3.53700,1.46500,-2.07200,-0.11800,-1.95400,-1.95400,-1.95400,-8.01700,-3.53700,78.04400,78.04400,-0.03000,-0.03000,6.31910,,26.49280,-4.72380,-4.72380,-2.76720,-2.60960,0.26460,3.05860,29.42550,-0.83680,-1.10650,-0.69060,-0.83680,2.98160,0.082,-0.036
2024-06-30,67.94500,51.59100,16.35400,0.97100,27.53200,,28.50300,-12.14900,0.87500,-11.27400,0.05200,-11.32600,-11.32600,-11.32600,-4.83100,-12.14900,77.60400,77.60400,-0.15000,-0.15000,6.03950,,24.06950,-17.88060,-17.88060,-16.59280,-16.66940,0.24240,2.45090,36.72190,-4.93750,-6.43120,-4.04020,-4.93750,2.94330,0.1134,-0.0947
2024-03-31,51.51400,41.37500,10.13900,0.67000,19.33700,,20.00700,-9.86800,5.55000,-4.31800,-0.08400,-4.23400,-4.23400,-4.23400,-8.27400,-9.86800,75.79600,75.79600,-0.06000,-0.06000,8.34620,,19.68200,-19.15600,-19.15600,-8.38220,-8.21910,0.18220,2.18740,41.14420,-1.78950,-2.38790,-1.49720,-1.78950,3.06700,-0.20520,-0.21590
2023-12-31,47.47800,38.46800,9.01000,0.98800,43.65500,,44.64300,-35.63300,0.66900,-34.96400,-1.02300,-33.94100,-33.94100,-33.94100,-13.07400,-35.63300,73.52400,73.52400,-0.45390,-0.45360,5.81160,,18.97720,-75.05160,-75.05160,-73.64250,-71.48790,0.16100,2.26030,39.81740,-14.48610,-19.57290,-11.50780,-14.48610,3.11860,-0.1557,-0.1568
2023-09-30,71.44200,55.86300,15.57900,1.07600,21.95100,,23.02700,-7.44800,7.86600,0.41800,0.12900,0.28900,0.28900,0.28900,-5.60500,-7.44800,74.13900,81.00700,0.00390,0.00360,6.87470,,21.80650,-10.42520,-10.42520,0.58510,0.40450,0.22500,3.39550,26.50540,0.10990,0.15870,0.09100,0.10990,3.54240,0.0581,0.0514
2023-06-30,60.98900,50.62000,10.36900,1.44000,21.13800,,22.57800,-12.20900,-0.39900,-12.60800,-0.37600,-12.23200,-12.23200,-12.23200,-10.39900,-12.20900,73.16900,73.16900,-0.17000,-0.17000,7.13870,,17.00140,-20.01840,-20.01840,-20.67260,-20.05610,0.19050,2.70760,33.23960,-4.69080,-6.90940,-3.82030,-4.69080,3.56390,-0.1083,-0.1183
2023-03-31,45.27100,38.10700,7.16400,1.12300,18.86800,,19.99100,-12.82700,2.43900,-10.38800,-0.19600,-10.19200,-10.19200,-10.19200,-11.17500,-12.82700,71.99300,71.99300,-0.14000,-0.14000,9.01480,,15.82470,-28.33380,-28.33380,-22.94630,-22.51330,0.14040,2.75000,32.72690,-3.77200,-5.51180,-3.16100,-3.77200,3.72700,-0.23410,-0.24310
2022-12-31,38.13500,33.16000,4.97500,1.62200,23.03100,,24.65300,-19.67800,3.43500,-16.24300,-0.82800,-15.41500,-15.41500,-15.41500,-17.69400,-19.67800,71.23800,71.23800,-0.20000,-0.19000,8.19810,,13.04580,-51.60090,-51.60090,-42.59340,-40.42220,0.11730,3.50600,25.67010,-5.61590,-8.17000,-4.74270,-5.61590,3.83040,-0.129,-0.1293
2022-09-30,45.72200,36.45600,9.26600,2.02600,17.66800,,19.69400,-10.42800,1.23900,-9.18900,0.05600,-9.24500,-9.24500,-9.24500,-8.98700,-10.42800,71.46600,71.46600,-0.13000,-0.13000,11.14490,,20.26600,-22.80740,-22.80740,-20.09760,-20.22000,0.14000,4.05660,22.18600,-3.27020,-4.56950,-2.83020,-3.27020,3.95350,-0.1161,-0.1181
2022-06-30,35.63300,30.52200,5.11100,1.06200,13.78200,,14.84400,-9.73300,18.14500,8.41200,,8.41200,8.41200,8.41200,-8.57800,-9.73300,71.05200,78.49700,0.11000,0.10000,15.02940,,14.34350,-27.31460,-27.31460,23.60730,23.60730,0.10990,3.68410,24.42900,2.87800,3.28310,2.59480,2.87800,4.09390,-0.1339,-0.1357
2022-03-31,26.63000,23.70700,2.92300,0.83500,15.77800,,16.61300,-13.69000,2.67800,-11.01200,,-11.01200,-11.01200,-11.01200,-12.54500,-13.69000,70.77400,70.77400,-0.16000,-0.16000,18.06690,,10.97630,-51.40820,-51.40820,-41.35190,-41.35190,0.08150,4.42430,20.34210,-3.91230,-4.50440,-3.37140,-3.91230,3.97300,-0.14220,-0.14840
2021-12-31,32.60400,27.05700,5.54700,0.93000,17.52100,,18.45100,-12.90400,11.20600,-1.69800,-0.10900,-1.58900,-1.58900,-1.58900,-12.04800,-12.90400,42.88400,42.88400,-0.16000,-0.16000,23.07320,,17.01320,-39.57800,-39.57800,-5.20800,-4.87360,0.09710,5.87670,15.31470,-0.54540,-0.62650,-0.47310,-0.54540,4.12320,-0.2781,-0.2865
2021-09-30,20.31600,15.85500,4.46100,0.84400,13.34600,,14.19000,-9.72900,-3.09800,-12.82700,-3.64300,-9.18400,-9.18400,-9.18400,-9.53800,-9.72900,69.01200,69.01200,-0.13000,-0.13000,,,21.95810,-47.88840,-47.88840,-63.13740,-45.20580,,,,,,,,,-0.0358,-0.0358
2021-06-30,12.95100,9.97600,2.97500,0.32300,10.42300,,10.74600,-7.77100,-16.51500,-24.28600,,-24.28600,-24.28600,-24.28600,-7.63100,-7.77100,51.57000,51.57000,-0.47000,-0.47000,32.46460,,22.97120,-60.00310,-60.00310,-187.52220,-187.52220,0.03740,7.56480,11.89720,-8.18540,-8.21020,-7.01610,-8.18540,4.27500,-0.1673,-0.1691
2021-03-31,9.27300,7.79700,1.47600,0.28900,5.41200,,5.70100,-4.22500,0.00400,-4.22100,,-4.22100,-4.22100,-4.22100,-4.09900,-4.22500,26.09900,26.09900,-0.16000,-0.16000,0.39560,,15.91720,-45.56240,-45.56240,-45.51920,-45.51930,0.03330,,,-84.42000,-84.42050,-1.51420,-84.41990,0.41550,-0.02320,-0.02520
2020-12-31,,,,,,-0.37270,,4.54130,-5.16250,-4.05920,0.08500,-4.14420,-4.14420,-4.13420,4.54130,1.10330,8.21500,8.21500,-0.54000,-0.54000,2.29300,,,,,,,,,,-82.88380,-82.88350,-1.49160,-82.88380,0.60690,-0.0461,-0.0002
2020-09-30,,,,,,-0.16070,,-0.16070,0.03390,-0.12680,-0.02660,-0.10020,-0.10020,-0.11020,19.83530,-0.16070,8.21800,8.21800,-0.01000,-0.01000,2.26660,0.10510,8.46670,99.19640,-42.89450,-0.63400,-72.12390,1.12880,18.31140,4.91500,-130.25200,-136.83430,-81.46720,-130.25200,0.43850,0.3427,0.3119
2020-06-30,3.43800,2.80400,0.63400,0.22000,1.89000,,2.11000,-1.47600,0.15100,-1.32500,,-1.32500,-1.32500,-1.32500,-1.47600,-1.47600,25.21100,25.21100,-0.05000,-0.05000,2.33610,,18.44100,-42.93190,-42.93190,-38.53990,-38.53990,0.01240,,,-26.50000,-26.50020,-0.47600,-26.50000,0.60840,-0.3674,-0.3825
2020-03-31,,,,,,-0.14510,,-0.14510,5.99430,5.84910,0.15210,5.69710,5.69710,5.69710,-0.14510,-0.14510,8.19400,8.19400,0.62000,0.62000,2.58820,,,,,,,,,,113.94120,113.94140,2.04660,113.94120,0.60890,-0.02590,-0.02590
2019-12-31,,,,,,,,,,,,,,,,,,,,0.00000,,,,,,,,,,,,,,,,0.0002,0.0002
2019-09-30,,,,,,-0.04310,,-0.04310,0.16830,0.12520,0.02610,0.09910,0.09910,-0.03630,-0.04310,-0.04310,6.52300,6.52300,-0.01000,-0.01000,784.20050,0.04630,,,,,,,,,1.98280,1.98280,0.03580,1.98280,0.61070,-0.0002,-0.0002
