Date,revenue,cost-goods-sold,gross-profit,research-development-expenses,selling-general-administrative-expenses,other-operating-income-expenses,operating-expenses,operating-income,total-non-operating-income-expense,pre-tax-income,total-provision-income-taxes,income-after-taxes,income-from-continuous-operations,income-from-discontinued-operations,net-income,ebitda,ebit,basic-shares-outstanding,shares-outstanding,eps-basic-net-earnings-per-share,eps-earnings-per-share-diluted,current-ratio,long-term-debt-capital,debt-equity-ratio,gross-margin,operating-margin,ebit-margin,pre-tax-profit-margin,net-profit-margin,asset-turnover,inventory-turnover,receiveable-turnover,days-sales-in-receivables,roe,return-on-tangible-equity,roa,roi,book-value-per-share,operating-cash-flow-per-share,free-cash-flow-per-share
2024-09-30,10.61200,11.78100,-1.16900,23.17400,39.76500,,65.75000,-66.91900,6.05300,-60.86600,-0.05800,-60.80800,-60.80800,,-60.80800,-51.57500,-66.91900,193.89300,193.89300,-0.31000,-0.31000,0.50940,-51.12630,-31.54790,-11.01580,-630.59740,-630.59740,-573.55820,-573.01170,0.02280,0.21840,9.99250,9.00680,1050.96800,286.66780,-13.07540,54782.19000,-0.02980,-0.3548,-0.3562
2024-06-30,16.10100,28.94600,-12.84500,25.16200,50.38500,,75.54700,-88.39200,7.02000,-81.37200,0.02100,-81.39300,-81.39300,,-81.39300,-71.86600,-88.39200,193.71600,193.71600,-0.42000,-0.42000,0.68310,0.27060,3.70040,-79.77770,-548.98450,-548.98450,-505.38480,-505.51520,0.02950,0.86850,12.36640,7.27780,-153.62670,-218.07740,-14.92920,-112.05600,0.27330,-0.3409,-0.3412
2024-03-31,18.57300,25.86400,-7.29100,25.07200,46.32900,,71.40100,-78.69200,8.88800,-69.80400,,-69.80400,-69.80400,,-69.80400,-63.22300,-78.69200,193.15100,193.15100,-0.36000,-0.36000,0.92520,0.16600,1.61630,-39.25590,-423.69030,-423.69030,-375.83590,-375.83590,0.02940,0.85350,19.14740,4.70040,-53.26670,-60.61690,-11.05400,-44.42300,0.67700,-0.38660,-0.39580
2023-12-31,7.83400,12.19200,-4.35800,36.11600,46.81000,,82.92600,-87.28400,6.41600,-80.86800,-0.04600,-80.82200,-80.82200,,-80.82200,-78.41900,-87.28400,109.82500,109.82500,-0.73000,-0.73000,1.40760,0.16240,0.64230,-55.62930,-1114.16900,-1114.16900,-1032.27000,-1031.68200,0.01270,0.53200,13.98930,6.43350,-41.54590,-45.29040,-13.05350,-34.79670,1.00920,-0.482,-0.4928
2023-09-30,12.39200,9.12600,3.26600,58.50100,40.77100,,99.27200,-96.00600,8.77400,-87.23200,0.00000,-87.23200,-87.23200,,-87.23200,-88.59600,-96.00600,109.09800,109.09800,-0.80000,-0.80000,1.55440,,,26.35570,-774.74180,-774.74180,-703.93800,-703.93800,0.02020,0.43520,0.53880,167.04330,-39.19900,-41.24020,-14.21620,-39.19910,2.07930,-0.4542,-0.4729
2023-06-30,6.89000,6.69700,0.19300,31.44800,40.46200,,71.91000,-71.71700,8.84800,-62.86900,-0.08000,-62.78900,-62.78900,,-62.78900,-65.63900,-71.71700,108.68500,108.68500,-0.58000,-0.58000,2.13290,,,2.80120,-1040.88500,-1040.88500,-912.46740,-911.30630,0.01040,0.49090,,,-21.72490,-22.59550,-9.46480,-21.72490,2.71500,-0.5132,-0.5196
2023-03-31,2.38100,5.51200,-3.13100,41.58700,37.46700,92.93000,-13.87600,10.74500,8.18500,18.93000,,18.93000,18.93000,,18.93000,16.91700,10.74500,102.92000,103.30300,0.18000,0.18000,3.02820,,,-131.49940,451.28090,451.28090,795.04410,795.04410,0.00340,1.44710,,,5.33630,5.51120,2.73260,5.33630,3.33500,-0.69080,-0.69300
2022-12-31,0.06200,0.02200,0.04000,5.57400,34.12400,,-62.30200,62.34200,6.23600,68.57800,0.11000,68.46800,68.46800,,68.46800,66.94100,62.34200,78.58500,78.58500,1.03000,-0.63000,1.30010,0.34160,0.97020,64.51640,100552.10000,100552.10000,110610.20000,110432.90000,0.00010,,0.00420,21232.85000,50.96890,55.29680,12.01590,33.56030,1.62000,-0.3856,-0.3907
2022-09-30,0.07100,,0.07100,53.14900,33.40200,,,-84.78100,8.26800,-76.51300,0.00700,-76.52000,-76.52000,,-76.52000,-83.39400,-84.78100,81.54300,81.54300,-0.94000,-0.94000,1.26600,,,100.00000,-119409.90000,-119409.90000,-107764.80000,-107774.60000,0.00010,,,,-48.16910,-49.94420,-14.71260,-48.16910,1.91670,-0.6606,-0.6674
2022-06-30,1.51900,1.74500,-0.22600,63.84100,36.69400,,107.17400,-107.40000,7.26200,-100.13800,,-100.13800,-100.13800,,-100.13800,-106.05600,-107.40000,73.76700,73.76700,-1.36000,-1.36000,1.12490,,,-14.87820,-7070.44000,-7070.44000,-6592.36300,-6592.36300,0.00260,,,,-55.59640,-57.39560,-17.45810,-55.59640,2.44890,-2.9777,-3.0703
2022-03-31,1.94500,8.31000,-6.36500,77.87500,36.10600,,113.98100,-120.34600,-1.80600,-122.15200,,-122.15200,-122.15200,,-122.15200,-119.33200,-120.34600,73.68800,,-1.66000,0.00000,1.78400,,,-327.24940,-6187.45500,-6187.45500,-6280.30800,-6280.30800,0.00400,,,,-46.39990,-47.41690,-24.87460,-46.39990,3.68510,0.00000,
2021-12-31,1.60600,3.68200,-2.07600,79.38400,53.20600,,133.59100,-135.66700,3.42900,-132.23800,0.08900,-132.32700,-132.32700,-22.72500,-155.05200,-133.35300,-135.66700,72.49800,72.49800,-2.14000,-2.14000,2.19960,,,-129.26530,-8447.51000,-8447.51000,-8233.99800,-9654.54600,0.00270,,0.14100,638.23790,-35.35540,-35.89690,-22.28500,-35.35540,5.26300,-1.5408,-1.5522
2021-09-30,1.01900,19.38500,-18.36600,73.67900,42.22900,,136.08300,-154.44900,1.50200,-152.94700,-0.11300,-152.83400,-152.83400,-63.98200,-216.81600,-148.46700,-154.44900,68.62100,68.62100,-3.16000,-3.16000,3.12250,,,-1802.35500,-15156.92000,-15156.92000,-15009.52000,-21277.33000,0.00080,25.30680,0.04380,2053.13000,-17.55650,-18.03430,-11.40860,-17.55650,12.41890,-2.0559,-2.1081
2021-06-30,0.14300,15.21500,-15.07200,84.64500,54.98400,,139.62900,-154.70100,-1.05600,-155.75700,0.21600,-155.97300,-155.97300,-85.72900,-241.70200,-148.70800,-154.70100,67.48700,67.48700,-3.58000,-3.58000,3.64670,,,-10539.86000,-108182.50000,-108182.50000,-108921.00000,-169022.40000,0.00010,1.12690,0.00860,10445.66000,-15.84190,-16.32940,-10.72380,-15.84190,14.57510,-2.1352,-2.1577
2021-03-31,0.89400,0.57600,0.31800,82.84300,63.56900,,146.41200,-146.09400,24.65600,-121.43800,0.06600,-121.50400,-121.50400,-84.30400,-205.80800,-140.73400,-146.09400,66.97600,66.97600,-3.07000,-3.07000,5.31970,,,35.57050,-16341.61000,-16341.61000,-13583.67000,-23021.03000,0.00050,0.03190,,,-10.12250,-10.33430,-7.42110,-10.12250,17.80330,-3.03580,-3.14970
2020-12-31,,,,58.81500,80.57200,,,-139.38700,3.31900,-136.06800,0.25300,-136.32100,-136.32100,-63.55300,-199.87400,-134.40900,-139.38700,66.39500,66.39500,-3.01000,-3.01000,5.97060,,,,,,,,,,,,-10.06020,-10.13530,-7.65310,-10.06020,20.39760,-2.3271,-2.4452
2020-09-30,19.27300,1.31800,17.95500,140.43100,68.04600,0.82800,207.64900,-189.69400,-4.72200,-194.41600,0.32900,-194.74500,-194.74500,,-194.74500,-184.74600,-189.69400,66.25100,66.25100,-2.94000,-2.94000,6.56750,,,93.16140,-984.24730,-984.24730,-1008.74800,-1010.45500,0.00990,,,,-12.78680,-12.99360,-10.01010,-12.78680,22.95820,-2.0017,-2.0638
2020-06-30,198.89000,1.55400,197.33600,156.30800,68.62800,1.65500,223.28100,-25.94500,4.49000,-21.45500,0.01000,-21.46500,-21.46500,,-21.46500,-21.39500,-25.94500,60.38400,60.38400,-0.36000,-0.36000,8.18260,,,99.21870,-13.04490,-13.04490,-10.78740,-10.79240,0.09440,,,,-1.27610,-1.29560,-1.01840,-1.27610,25.40990,0.9526,0.8882
2020-03-31,21.86300,1.02500,20.83800,154.12300,73.24800,3.10800,224.26300,-203.42500,0.90800,-202.51700,0.09400,-202.61100,-202.61100,,-202.61100,-198.54500,-203.42500,55.59000,55.59000,-3.64000,-3.64000,5.24590,,,95.31170,-930.45320,-930.45320,-926.30020,-926.73000,0.01430,,,,-18.08330,-18.51930,-13.25030,-18.08330,20.14440,-3.70790,-3.89990
2019-12-31,,,,-93.47300,40.68400,,,56.00600,-9.88700,11.44200,0.20300,11.23900,11.23900,,-223.34700,61.06200,21.32900,55.19100,55.19100,-4.04000,-4.04000,5.15330,,,,,,,,,,,,0.87460,0.89370,0.65060,0.87460,23.20820,-2.8939,-3.1204
2019-09-30,8.91000,0.86200,8.04800,151.41200,66.25000,-0.80200,218.46400,-210.41600,4.11900,-206.29700,-0.26400,-206.03300,-206.03300,,-206.03300,-205.86900,-210.41600,55.29200,55.29200,-3.73000,-3.73000,6.22370,,,90.32550,-2361.57100,-2361.57100,-2315.34200,-2312.37900,0.00470,,,,-13.99960,-14.27630,-10.88840,-13.99960,26.60360,-2.0384,-2.4114
2019-06-30,13.29600,0.61300,12.68300,146.54000,68.63100,-0.21400,215.38500,-202.70200,6.45100,-196.25100,-0.46900,-195.78200,-195.78200,,-195.78200,-198.65400,-202.70200,55.16500,55.16500,-3.55000,-3.55000,8.02410,,,95.38960,-1524.53400,-1524.53400,-1476.01600,-1472.48800,0.00660,,0.61920,145.34970,-11.96440,-12.18490,-9.67620,-11.96440,29.62940,-2.4887,-2.8246
2019-03-31,12.47100,0.43000,12.04100,122.64000,60.27900,-0.29600,183.21500,-171.17400,6.71300,-164.46100,-0.01500,-164.44600,-164.44600,,-164.44600,-167.39100,-171.17400,54.95700,54.95700,-2.99000,-2.99000,9.30550,,,96.55200,-1372.57700,-1372.57700,-1318.74800,-1318.62700,0.00580,,,,-9.27970,-9.41440,-7.68940,-9.27970,32.17960,-2.80500,-3.15660
2018-12-31,19.24300,0.81800,18.42500,119.72200,53.50800,-2.15600,175.38610,-156.96110,8.12500,-148.83600,,-149.02300,-149.02300,,-149.02300,-152.41610,-156.96110,52.03200,52.03200,-2.73000,-2.73000,9.69060,0.07520,0.08130,95.74910,-815.67900,-815.67910,-773.45540,-774.42720,0.00860,,,,-7.90540,-8.01730,-6.64440,-7.31080,34.43810,-2.6207,-2.8877
2018-09-30,11.52800,0.02900,11.49900,116.74400,44.52700,-0.04700,161.31800,-149.81900,4.33900,-145.48000,,-145.48000,-145.48000,,-145.48000,-145.40500,-149.81900,53.27700,53.27700,-2.73000,-2.73000,13.10630,,,99.74840,-1299.61000,-1299.61000,-1261.97100,-1261.97100,0.00490,,0.57540,156.42260,-7.27110,-7.37150,-6.18590,-7.27110,36.59220,-1.1532,-1.5449
2018-06-30,7.85100,0.02100,7.83000,115.01400,41.16800,-0.26200,156.44400,-148.61400,2.61800,-145.99600,,-145.99600,-145.99600,,-145.99600,-144.43500,-148.61400,50.15300,50.15300,-2.91000,-2.91000,9.51080,,,99.73250,-1892.93100,-1892.93100,-1859.58500,-1859.58500,0.00450,,413.21050,0.21780,-10.01670,-10.21410,-8.28810,-10.01660,29.02010,-1.9919,-2.2551
2018-03-31,15.95700,0.01700,15.94000,97.10900,34.92600,-0.53400,132.56900,-116.62900,1.50300,-115.12600,,-115.12600,-115.12600,,-115.12600,-112.60900,-116.62900,49.92300,49.92300,-2.31000,-2.31000,10.80320,,,99.89350,-730.89550,-730.89550,-721.47640,-721.47640,0.00850,,839.84210,0.10720,-7.33190,-7.47050,-6.16700,-7.33190,31.36200,-2.17980,-2.32910
2017-12-31,4.16800,0.00700,4.16100,92.57600,29.08700,0.73000,120.93300,-116.77200,-0.24600,-117.01800,,-117.22800,-117.22800,,-117.22800,-113.13300,-116.77200,43.53500,43.53500,-2.57000,-2.57000,13.83480,,,99.83210,-2801.63400,-2801.63400,-2807.53500,-2812.57300,0.00220,,1.33930,67.19770,-7.22100,-7.35720,-6.16810,-7.22100,32.85900,-2.3877,-2.8665
2017-09-30,7.71100,1.10000,6.61100,61.54500,22.98200,0.25800,84.26900,-77.65800,-1.14700,-78.80500,,-78.80500,-78.80500,,-78.80500,-74.04000,-77.65800,45.64800,45.64800,-1.73000,-1.73000,9.87890,,,85.73470,-1007.10700,-1007.10700,-1021.98200,-1021.98200,0.00550,,2.84330,31.65350,-6.90470,-7.09750,-5.60590,-6.90470,24.92780,-0.9169,-0.905
2017-06-30,16.71600,0.42000,16.29600,63.89100,21.19700,0.97000,84.11800,-67.82200,-3.07600,-70.89800,,-70.89800,-70.89800,,-70.89800,-64.38500,-67.82200,41.03500,41.03500,-1.73000,-1.73000,14.37110,,,97.48740,-405.73100,-405.73100,-424.13260,-424.13260,0.01150,,3.85690,23.33450,-5.90810,-6.06960,-4.86560,-5.90810,26.35150,-1.2957,-1.6212
2017-03-31,6.83200,,6.83200,55.02800,20.28400,-1.43300,,-69.91300,1.20100,-68.71200,,-68.71200,-68.71200,,-68.71200,-67.06900,-69.91300,40.83600,40.83600,-1.68000,-1.68000,9.18710,,,100.00000,-1023.31700,-1023.31700,-1005.73800,-1005.73800,0.00640,,0.32180,279.64290,-8.42700,-8.78110,-6.40630,-8.42700,19.92470,-1.84400,-2.48130
2016-12-31,1.55200,,1.55200,57.13300,16.17800,-0.57600,,-72.33500,0.90800,-71.42700,-0.06300,-71.36400,-71.36400,,-71.36400,-69.81900,-72.33500,37.28400,37.28400,-1.89000,-1.89000,9.71670,,,100.00000,-4660.75900,-4660.76000,-4602.25400,-4598.19500,0.00140,,0.18170,495.34790,-8.20800,-8.54030,-6.38250,-8.20800,21.36690,-1.8463,-2.1947
2016-09-30,1.55200,,1.55200,63.97100,14.62300,-1.09800,,-78.14000,0.93700,-77.20300,-0.17800,-77.02500,-77.02500,,-77.02500,-75.75500,-78.14000,37.20100,37.20100,-2.07000,-2.07000,9.00760,,,100.00000,-5034.79300,-5034.79300,-4974.42000,-4962.95100,0.00170,,,,-11.09050,-11.67490,-8.38810,-11.09050,18.62170,-1.0457,-1.2851
2016-06-30,1.55200,,1.55200,41.76000,18.36300,-1.40400,,-59.97500,0.90500,-59.07000,-0.22600,-58.84400,-58.84400,,-58.84400,-57.51100,-59.97500,36.95400,36.95400,-1.59000,-1.59000,14.43430,,,100.00000,-3864.36800,-3864.36800,-3806.05700,-3791.49500,0.00160,,,,-7.74990,-8.13230,-6.24890,-7.74990,20.52020,-1.1988,-1.2572
2016-03-31,1.49900,,1.49900,41.91100,15.95500,-1.01300,,-57.38000,0.96100,-56.41900,-0.14500,-56.27400,-56.27400,,-56.27400,-55.09700,-57.38000,36.92000,36.92000,-1.52000,-1.52000,14.39580,,,100.00000,-3827.88500,-3827.88500,-3763.77600,-3754.10300,0.00150,,,,-6.97750,-7.30960,-5.74980,-6.97750,21.83470,-0.99580,-1.10130
2015-12-31,1.47100,,1.47100,35.65800,14.44500,-0.32900,,-48.96100,1.68400,-47.27700,,-47.27700,-47.27700,,-47.27700,-46.92300,-48.96100,34.66900,34.66900,-1.30000,-1.30000,12.97970,,,100.00000,-3328.41500,-3328.41600,-3213.93600,-3213.93600,0.00150,,,,-5.55880,-5.81580,-4.71670,-5.55880,23.05240,-1.0431,-1.1472
2015-09-30,1.32400,,1.32400,30.39500,13.70400,-0.35200,,-43.12700,0.26300,-42.86400,0.06000,-42.92400,-42.92400,,-42.92400,-41.25500,-43.12700,36.38400,36.38400,-1.18000,-1.18000,21.23940,,,100.00000,-3257.32600,-3257.32600,-3237.46200,-3241.99400,0.00130,,,,-4.82830,-5.04700,-4.21800,-4.82830,24.26260,-0.6952,-0.7167
2015-06-30,4.94000,,4.94000,44.26600,10.72400,-1.97300,,-52.02300,0.22800,-51.79500,,-51.79500,-51.79500,,-51.79500,-50.22400,-52.02300,32.95500,32.95500,-1.57000,-1.57000,29.08900,,,100.00000,-1053.09700,-1053.09700,-1048.48200,-1048.48200,0.00490,,,,-5.63620,-5.88910,-5.18380,-5.63620,25.55670,-0.3588,-0.4012
2015-03-31,6.34400,,6.34400,23.71900,7.33600,-0.21500,,-24.92600,0.13900,-24.78700,,-24.78700,-24.78700,,-24.78700,-23.21600,-24.92600,32.55800,32.55800,-0.76000,-0.76000,8.11260,,,100.00000,-392.90670,-392.90670,-390.71560,-390.71560,0.01190,,,,-5.22380,-5.71010,-4.64340,-5.22380,14.51380,-0.74200,-0.77750
2014-12-31,6.38600,,6.38600,20.53100,5.30100,-0.16800,,-19.61400,0.07000,-19.54400,,-19.54400,-19.54400,,-19.54400,-17.94400,-19.61400,26.54600,26.54600,-0.72000,-0.72000,11.16830,,,100.00000,-307.14070,-307.14070,-306.04450,-306.04450,0.01150,,,,-3.97840,-4.34400,-3.51040,-3.97840,15.19040,-0.6827,-0.7865
2014-09-30,6.36500,,6.36500,16.64900,6.64800,-0.07800,,-17.01000,-0.02000,-17.03000,,-17.03000,-17.03000,,-17.03000,-15.46900,-17.01000,28.11500,28.11500,-0.61000,-0.61000,5.79690,,,100.00000,-267.24270,-267.24270,-267.55700,-267.55700,0.01930,,,,-6.50270,-7.75480,-5.15760,-6.50270,9.12450,-0.6157,-0.6546
2014-06-30,6.33500,,6.33500,13.93100,5.73800,,,-13.33400,0.01100,-13.32300,-11.79700,-1.52600,-1.52600,,-1.52600,-12.79200,-13.33400,24.47400,24.47400,-0.06000,-0.06000,4.62410,,,100.00000,-210.48140,-210.48140,-210.30780,-24.08840,0.02630,,,,-0.92060,-1.24540,-0.63420,-0.92060,6.60990,-0.4561,-0.5372
2014-03-31,6.33500,,6.33500,11.46300,5.54000,,,-10.66800,0.05900,-10.60900,,-10.60900,-10.60900,,-10.60900,-10.19300,-10.66800,24.14800,24.14800,-0.44000,-0.44000,5.92870,,,100.00000,-168.39780,-168.39780,-167.46650,-167.46650,0.03020,,,,-7.35890,-7.35890,-5.06370,-7.35890,5.93780,-0.49420,-0.59840
2013-12-31,6.33500,,6.33500,9.76500,4.68500,,,-8.11500,0.03400,-8.08100,,-8.08100,-8.08100,,-8.08100,-7.78400,-8.11500,12.55500,12.55500,20.31000,20.31000,6.07870,,,100.00000,-128.09790,-128.09790,-127.56120,-127.56120,0.02820,,,,-5.32810,-5.32810,-3.60130,-5.32810,6.33530,1.3906,0.8431
2013-09-30,6.38500,,6.38500,8.70600,3.83600,,,-6.15700,0.04400,-6.11300,,-6.11300,-6.11300,,-6.11300,-5.85100,-6.15700,23.62300,23.62300,-0.26000,-0.26000,7.03290,,,100.00000,-96.42910,-96.42910,-95.74000,-95.74000,0.02800,,,,-3.87630,-3.87630,-2.67810,-3.87630,6.67290,-24.7848,-24.3398
2013-06-30,6.33400,,6.33400,7.24700,3.28100,,,-4.19400,-0.38900,-4.58300,,-4.58300,-4.58300,,-4.58300,-4.02900,-4.19400,2.15100,2.15100,-2.13000,-2.13000,7.59360,,,100.00000,-66.21410,-66.21410,-72.35560,-72.35560,0.02700,,,,-2.84180,-2.84180,-1.95400,-2.84180,6.83260,-174.4194,-172.5319
2013-03-31,1.12700,,1.12700,5.28400,2.32400,,,-6.48100,-0.06300,-6.54400,,-6.54400,-6.54400,,-6.54400,-6.34200,-6.48100,0.32800,0.32800,-19.94000,-19.94000,,,,100.00000,-575.06660,-575.06660,-580.65660,-580.65660,,,,,,,,,,201.27440,198.79880
2012-12-31,,,,,,,,,,,,,,,,,,,,,0.00000,,,,,,,,,,,,,,,,,,26.0072,26.9296
2012-09-30,0.08500,,0.08500,3.50100,1.60800,,,-5.02400,-0.01700,-5.04100,,-5.04100,-5.04100,,0.31500,-4.95200,-5.02400,0.27500,0.55400,1.15000,1.14000,,,,100.00000,-5910.58800,-5910.58800,-5930.58800,370.58820,,,,,,,,,,14.4095,15.3561
2012-06-30,0.08500,,0.08500,3.35400,1.33100,,,-4.60000,0.03700,-4.56300,,-4.56300,-4.56300,,-5.84800,-4.60000,-4.60000,0.25200,0.25200,-23.21000,-23.21000,,,,100.00000,-5411.76500,-5411.76500,-5368.23500,-6880.00000,,,,,,,,,,-40.4167,-42.2857
2011-12-31,,,,,,,,,,,,,,,,,,,,,0.00000,,,,,,,,,,,,,,,,,,0,0
