Date,revenue,cost-goods-sold,gross-profit,selling-general-administrative-expenses,operating-expenses,operating-income,total-non-operating-income-expense,pre-tax-income,total-provision-income-taxes,income-after-taxes,income-from-continuous-operations,income-from-discontinued-operations,net-income,basic-shares-outstanding,shares-outstanding,eps-basic-net-earnings-per-share,eps-earnings-per-share-diluted,long-term-debt-capital,debt-equity-ratio,pre-tax-profit-margin,net-profit-margin,asset-turnover,roe,return-on-tangible-equity,roa,roi,book-value-per-share,operating-cash-flow-per-share,free-cash-flow-per-share
2024-09-30,7231.05800,3823.62400,3407.43400,1116.12900,1240.35600,2167.07800,-1196.27900,970.79860,312.78590,658.01280,658.01280,,655.78750,,,,0.00000,0.19930,1.97150,28.49060,19.24580,0.01540,3.08080,4.25440,0.29700,2.46670,5.62120,0,0
2024-06-30,7039.39000,3620.49800,3418.89200,836.39540,964.52100,2454.37100,-1444.35400,1010.01700,313.85170,696.16480,696.16480,,693.10890,,,,0.00000,,0.58650,29.54220,20.27290,0.01500,3.09030,4.27150,0.30530,3.09030,5.92910,0,0
2024-03-31,7550.24700,3879.92500,3670.32200,1258.46800,1396.12100,2274.20100,-1382.42800,891.77330,273.77200,618.00130,618.00130,,616.20810,,,,0.00000,,,24.29690,16.78890,0.01600,2.64260,3.66970,0.26990,2.64260,6.15370,0.00000,
2023-09-30,7545.94700,4187.64700,3358.30000,1210.49000,1352.39000,2005.91000,-1289.65500,716.25480,146.77320,569.48160,569.48160,,567.48970,,,,0.00000,0.14920,1.91030,21.32790,16.89810,0.01460,2.44450,3.40580,0.24670,2.07980,6.14440,0,0
2023-06-30,7244.71400,4245.42700,2999.28700,1007.47700,1146.06100,1853.22600,-1230.60200,622.62340,298.43500,324.18840,324.18840,,321.70420,,,,0.00000,0.14390,1.92500,20.75910,10.72600,0.01400,1.41900,1.97620,0.15170,1.21490,6.02530,0,0
2022-09-30,6689.56800,3663.40700,3026.16100,823.99010,948.96900,2077.19200,-1201.75000,875.44190,221.65850,653.78340,653.78340,,659.05770,,,,0.00000,0.15370,1.73820,28.92910,21.77870,0.01610,3.11070,4.34390,0.34760,2.63250,5.54450,0,0
2022-06-30,,,,,,,,,,,,,,,,,0.00000,,,,,,,,,,,,
2022-03-31,7769.85400,2471.47900,5298.37500,872.99770,988.75800,4309.61700,,1161.25300,430.21230,731.04040,731.04040,,727.46850,,,,0.00000,,0.01500,21.91720,13.73000,0.02910,3.59040,5.05680,0.40170,3.59040,5.35420,0.00000,
2021-12-31,4648.72900,1827.35300,2821.37500,985.15280,1093.23000,1728.14600,-809.72510,909.51680,265.53290,643.98390,643.98430,,642.28880,3802.85100,3802.85100,0.16960,0.16960,0.15640,1.51100,32.23670,22.76510,0.01640,3.27940,4.62220,0.37320,2.76670,5.16370,0.3114,0.2846
2021-09-30,4035.09000,1323.32200,2711.76800,958.41420,1068.14700,1643.62100,-916.86900,735.45700,-3.19500,738.65200,738.65200,,738.22190,3802.85100,3802.85100,0.19400,0.19400,,6.97820,27.12090,27.22290,0.01500,3.64490,5.09530,0.40810,3.64490,5.32900,-0.5144,-0.5469
2021-06-30,4680.94200,980.92930,3700.01300,788.44260,898.41570,2801.59700,-819.53780,1982.06000,1225.07600,756.98350,756.98350,,755.04390,3804.92800,3804.92800,0.19840,0.19840,0.10610,1.22270,53.56900,20.40650,0.02110,3.76830,5.24650,0.43140,3.36910,5.28140,-0.2517,-0.2634
2021-03-31,3422.48300,810.13170,2612.35200,874.54430,997.76730,1614.58400,-655.58030,959.20200,215.67900,743.52300,743.52290,,741.79350,3802.87400,3802.87400,0.19500,0.19500,0.12190,1.14070,36.71800,28.39560,0.01510,3.85850,5.36210,0.43000,3.38810,5.06710,0.78640,0.80260
2020-12-31,4536.88400,524.26880,4012.61500,838.97680,958.58920,3054.02600,-668.42410,2385.60300,1741.59100,644.01220,644.01210,,1005.89600,3800.14000,3800.14000,0.31650,0.31650,0.11010,1.95550,59.45260,25.06830,0.02210,3.12910,4.40720,0.35460,2.78470,5.38970,0.279,0.2787
2020-09-30,3274.70500,672.92530,2601.77900,878.32350,1002.13370,1599.64600,-714.72540,884.92060,176.99710,707.92350,707.92350,,343.10940,3799.83000,3799.83000,0.09030,0.09030,0.12240,1.21160,34.01210,13.18750,0.01570,3.66440,5.20170,0.42650,3.21600,5.08410,0.0445,0.0269
2020-06-30,2946.22100,737.22220,2208.99900,825.26180,942.41080,1266.58900,-1233.31000,33.27890,-350.84160,384.12050,384.12050,,382.70690,3799.79100,3799.79100,0.04890,0.04890,0.12020,1.23230,1.50650,17.32490,0.01370,2.03550,2.91760,0.23860,1.79080,4.96640,0.7396,0.7148
2020-03-31,2157.49800,1622.03600,535.46190,1039.32400,1179.10400,-643.64230,-785.34970,-1428.99100,-2302.38100,873.38990,873.39000,,871.48270,3801.08800,3801.08800,0.22930,0.22930,0.11800,1.33090,-266.87070,162.75340,0.00290,3.87810,5.59160,0.46560,3.42040,5.92690,1.09730,1.07930
2019-12-31,5771.28900,1549.75300,4221.53700,1540.73100,1696.42700,2525.10900,-963.97160,1560.34300,178.73020,1381.61200,1381.61200,,1875.54400,3802.30300,3802.30300,0.61880,0.61880,0.09480,1.43450,36.96150,44.42800,0.02190,5.60880,8.18500,0.71530,5.07730,6.47890,0.8346,0.7964
2019-09-30,4952.17100,1859.48400,3092.68700,1219.65300,1374.00900,1718.67800,-796.47850,922.19970,-77.84400,1000.04400,1000.04400,,478.87520,3803.23900,3803.23900,0.12590,0.12590,0.09630,1.36690,29.81870,15.48410,0.01630,3.95340,5.67410,0.52600,3.57250,6.65180,0.0778,0.0693
2019-06-30,5771.23800,1799.88000,3971.35800,1295.52400,1444.58100,2526.77700,-863.45720,1663.32000,773.20980,890.11050,890.11050,,876.90190,3804.49300,3804.56100,0.23050,0.23050,0.09100,1.41970,41.88290,22.08070,0.02110,3.61140,5.25340,0.47290,3.28260,6.48020,0.2884,0.2481
2019-03-31,5624.31300,2017.83900,3606.47400,1164.79700,1311.78400,2294.68900,-797.33220,1498.15300,555.51050,942.64290,942.64290,,926.19510,3805.02500,3805.09300,0.11820,0.11820,0.09600,1.84900,41.54070,25.68150,0.01990,3.89950,5.72360,0.52110,3.52520,6.35300,0.45680,0.41750
2018-12-31,5529.29700,1508.44200,4020.85600,1204.26900,1316.11600,2704.73900,-926.46390,1778.27600,797.77670,980.49900,980.49870,,961.73950,3807.38600,3807.38600,0.58890,0.58900,0.17680,1.57290,44.22630,23.91880,0.02030,3.91250,5.81990,0.49510,3.22100,6.58560,-0.3965,-0.4398
2018-09-30,5084.72800,1833.46300,3251.26500,1269.77400,1380.81100,1870.45400,-763.76780,1106.68600,283.52220,823.16380,823.16380,,809.15590,3815.00100,3818.25800,0.10300,0.10290,0.09940,1.40270,34.03860,24.88740,0.01820,3.53490,5.24720,0.46040,3.18340,6.11580,0.1133,0.1003
2018-06-30,4451.64500,2244.89200,2206.75300,1142.13300,1262.11900,944.63330,-976.74670,-32.11300,-845.17040,813.05740,813.05740,,800.32120,3815.03800,3815.10500,0.10190,0.10180,,6.45470,-1.45520,36.26690,0.01140,3.27250,4.91970,0.41950,3.27250,6.52480,0.7866,0.7725
2018-03-31,6292.64300,2226.41300,4066.23000,1482.49200,1615.67400,2450.55600,-950.49100,1500.06500,614.72740,885.33770,885.33770,,871.34890,3826.51000,3826.70200,0.11050,0.11050,0.09180,2.01340,36.89080,21.42890,0.01960,3.24860,4.92950,0.42620,2.95030,7.14190,0.09140,0.07040
2017-12-31,5758.81600,2283.86000,3474.95600,1486.01200,1619.43200,1855.52400,-1124.78400,729.61630,-34.08190,763.69800,763.69780,,1067.34900,3822.05700,3825.31300,0.37370,0.37320,0.09330,1.98410,20.99640,30.71550,0.01720,2.79990,4.28650,0.37760,2.53880,7.15370,1.073,1.0376
2017-09-30,7191.02700,2772.23600,4418.79100,1603.24000,1735.24900,2683.54200,-913.01420,1770.52800,1016.80500,753.72270,753.72270,,735.09800,3850.02400,3850.22600,0.19090,0.19090,0.08580,1.88250,40.06820,16.63570,0.02140,2.62850,3.95820,0.36580,2.40280,7.51280,0.2098,0.167
2017-06-30,6120.83100,2897.46300,3223.36700,1521.85400,1650.11400,1573.25300,-910.47010,663.90640,-41.62290,705.52920,705.52920,,689.46170,3826.29600,3829.60300,0.08750,0.08740,0.09160,1.88840,20.59670,21.38950,0.01630,2.55640,3.89210,0.35730,2.32220,7.22350,1.2599,1.2648
2017-03-31,7613.03400,3469.42700,4143.60700,1575.91700,1702.84300,2440.76400,-1059.12900,1381.63600,742.54870,639.08690,639.08690,,303.10780,3827.21300,3830.95600,0.07920,0.07910,0.08800,2.05080,33.34380,7.31510,0.02080,2.28280,3.48170,0.32140,2.08180,7.31050,1.57490,1.56070
2016-12-31,6505.92500,3321.53300,3184.39200,1384.11400,1497.66500,1686.72800,-1480.24300,206.48520,-235.08720,441.57240,441.57220,,1289.58400,3828.55500,3832.21100,0.33660,0.33680,0.09380,2.32420,6.48430,40.49700,0.01750,1.81600,2.82210,0.24280,1.64570,6.35680,0.2661,0.2521
2016-09-30,6909.70700,3729.13500,3180.57200,1289.20800,1404.18100,1776.39100,-816.99880,959.39200,249.84560,709.54640,709.54640,,338.25410,3828.01200,3831.78700,0.08840,0.08830,0.08910,2.03810,30.16410,10.63500,0.01690,2.59840,3.93730,0.37600,2.36690,7.13410,-0.1857,-0.2025
2016-06-30,7499.98600,3400.90900,4099.07700,1240.85000,1346.60200,2752.47500,-829.84650,1922.62800,1404.03900,518.58920,518.58940,,249.85090,3828.40700,3833.16000,0.06530,0.06520,0.16430,2.16060,46.90390,6.09530,0.02370,2.11700,3.25680,0.29990,1.76930,6.40170,0.2304,0.2124
2016-03-31,6434.45900,2897.05500,3537.40400,1118.63600,1209.43300,2327.97100,-719.21220,1608.75900,1138.27500,470.48390,470.48400,,225.13050,3831.31800,3835.62500,0.05880,0.05870,0.17250,2.02090,45.47850,6.36430,0.02320,2.19550,3.42500,0.30880,1.81690,5.59590,0.19410,0.18070
2015-12-31,5939.17000,3016.38100,2922.78900,1269.23400,1348.28000,1574.50900,-1181.38600,393.12300,63.75000,329.37290,329.37300,,1694.13600,3839.15900,3842.74400,0.44150,0.45280,0.18450,2.34450,13.45030,57.96300,0.01580,1.35130,2.15680,0.17820,1.10210,6.36260,-0.1305,-0.1735
2015-09-30,3765.85400,3127.22300,638.63160,1120.84400,1223.14800,-584.51680,-978.93680,-1563.45400,-2052.88000,489.42630,489.42620,,234.03660,3838.93800,3839.71700,0.06100,0.06100,0.17860,2.16830,-244.81320,36.64660,0.00370,2.09000,3.29490,0.28100,1.71680,6.10500,0.4079,0.3909
2015-06-30,6692.84600,2516.67200,4176.17400,1626.14100,1760.43700,2415.73600,-1445.16300,970.57390,-636.40630,1606.98000,1606.98000,,783.15900,3841.88200,3842.67200,0.20380,0.20380,0.15380,1.80650,23.24070,18.75300,0.02270,5.79850,9.00840,0.87200,4.90690,7.21680,0.4065,0.392
2015-03-31,4773.87300,3103.87700,1669.99600,1383.10800,1522.36400,147.63230,-929.63420,-782.00180,-1358.49000,576.48770,576.48770,,275.64400,3843.59800,4602.07500,0.07170,0.05970,0.16390,1.89340,-46.82660,16.50570,0.00860,2.05300,3.33800,0.29740,1.71660,7.30760,-0.36400,-0.37020
2014-12-31,6893.68500,3638.77200,3254.91200,1751.42500,1899.52000,1355.39300,-1077.30300,278.08890,-283.93030,562.01920,562.01920,,-6.36600,3851.27800,3852.82300,-1.33750,-1.33530,0.15170,1.61960,8.54370,-0.19560,0.01460,1.67160,2.71400,0.25280,1.41810,8.68800,-1.0379,-1.152
2014-09-30,7237.33300,3783.42900,3453.90400,1814.77000,1978.69800,1475.20600,-1244.10200,231.10320,-353.27260,584.37570,584.37570,,267.38220,3844.66900,3978.95200,0.06950,0.06730,0.14570,1.57730,6.69110,7.74140,0.01580,1.67530,2.71750,0.26680,1.43110,9.07280,2.3034,2.2599
2014-06-30,7383.22300,3209.21800,4174.00500,1626.79500,1768.60400,2405.40000,-1258.18200,1147.21800,455.65580,691.56210,691.56210,,315.94550,3841.48200,3843.59000,0.08220,0.08220,0.15540,1.49100,27.48480,7.56940,0.01970,1.95790,3.10700,0.32690,1.65370,9.18750,13.5624,13.6166
2014-03-31,6963.29200,2912.02800,4051.26400,1591.06900,1719.27400,2331.99000,-1235.16600,1096.82400,495.84880,600.97550,600.97560,,590.93670,396.86800,396.86800,1.48900,1.48900,0.15710,1.44730,27.07360,14.58650,0.02090,1.84170,2.95640,0.30960,1.55240,8.43220,-15.28190,-15.35840
2013-12-31,5005.03900,3019.15000,1985.88900,2150.64000,2290.74000,-304.85060,,-304.81000,31.01000,-335.82000,-335.82000,961.78000,625.96000,,,,0.00000,0.53910,1.16970,-123.41940,253.45490,0.00120,-0.88240,-1.37010,-0.15900,-0.40670,,-33.0373,-31.2072
2013-09-30,5477.51300,2661.23000,2816.28300,1845.88000,1972.02000,844.26320,,762.96000,171.53000,591.43010,583.65300,0.00000,583.65300,211.88300,211.94700,1.40000,1.40000,0.45990,0.85140,19.16870,14.66370,0.02060,1.63270,2.53920,0.30280,0.88190,,29.5062,28.2052
2013-06-30,4863.50000,2507.09000,2356.41000,2046.29000,2205.88000,150.52980,,185.51000,-532.60000,718.11000,689.75300,0.00000,689.75300,397.98900,398.02700,0.88000,0.88000,0.46720,0.87690,3.84870,14.31000,0.02280,1.75240,2.73620,0.32590,0.93370,,-8.7034,-8.9629
2013-03-31,5328.12000,2410.70000,2917.42000,1667.96000,1825.64000,1091.78000,,1229.24000,438.93000,790.31000,399.52500,0.00000,399.52500,397.99100,398.09900,0.04000,0.04000,0.51700,1.07020,16.28380,5.29250,0.03520,0.99940,1.57760,0.18650,0.48270,,12.23450,11.96490
2012-12-31,3952.12500,2196.03000,1756.09500,1291.63000,1528.68000,227.41500,,232.99000,-129.00000,361.99000,399.32000,0.00000,399.32000,420.89700,420.89700,0.95000,0.95000,0.44700,0.80830,-47.27500,-81.02430,-0.00230,0.95100,1.56560,0.18420,0.52590,,-11.7175,-13.9947
2012-09-30,5790.45000,2534.50000,3255.95000,2171.62000,2411.46000,844.49020,,952.75000,228.46000,724.29000,723.09800,0.00000,723.09800,397.98000,398.18800,1.73000,1.73000,0.42960,0.75310,12.13650,9.21110,0.03850,1.80450,2.97440,0.35460,1.02930,,13.6959,13.2485
2012-06-30,6071.00400,2701.25000,3369.75400,2198.46000,2420.75000,949.00390,,192.97000,-554.82000,747.79000,746.26000,0.00000,746.26000,398.04100,398.19400,1.79000,1.79000,0.43170,0.75970,2.61010,10.09390,0.03540,1.81540,3.02050,0.35760,1.03170,,-0.8958,-1.2598
2012-03-31,6392.05800,3362.96000,3029.09800,2487.38000,2730.85000,298.24800,,1458.22000,481.85000,976.37000,913.12600,0.00000,913.12600,399.94400,399.94400,2.19000,2.19000,0.41820,0.71870,15.02730,9.41000,0.04330,2.02840,3.36680,0.40700,1.18020,,4.52140,4.24880
2011-12-31,4254.19000,3562.15900,692.03100,-656.50000,-427.18000,1119.21100,,1435.78000,440.71000,995.07010,1000.76600,0.00000,1000.76600,399.05100,399.05100,1.28000,1.28000,0.38810,0.63430,-71.12080,-49.57250,-0.00840,2.13500,3.57530,0.41660,1.30640,,0.7623,0.1773
2011-09-30,6984.35500,3934.61000,3049.74500,2574.45000,2796.04000,253.70510,,253.68000,-858.29000,1111.97000,1111.47400,0.00000,1111.47400,399.04400,399.04400,2.66000,2.66000,0.38750,0.63270,2.64720,11.59860,0.03740,2.33970,3.92640,0.43410,1.43300,,-1.1707,-1.5676
2011-06-30,8629.85700,3716.93000,4912.92800,2534.36000,2758.43000,2154.49700,,1906.84000,599.92000,1306.92000,1306.92400,0.00000,1306.92400,399.04400,399.04400,1.67000,1.67000,0.36280,0.56940,20.46380,14.02560,0.03650,2.76670,4.82120,0.51190,1.76290,,-10.7673,-11.1127
2011-03-31,11075.15000,3103.57000,7971.58200,5905.67000,6108.93000,1862.65200,,1756.25000,511.27000,1244.98000,1239.97800,0.00000,1239.97800,399.04400,399.04400,1.69000,1.69000,0.33050,0.49360,21.03290,14.85000,0.03620,2.76090,4.82350,0.53720,1.84850,,-5.54850,-5.81280
2010-12-31,6565.90300,2739.25000,3826.65300,2226.21000,2431.65000,1395.00300,,1647.04000,516.45000,1130.59000,1094.53500,0.00000,1094.53500,399.04300,399.04300,2.74000,2.74000,0.28870,0.40590,-1354.90800,-900.39990,-0.00060,2.61380,4.63160,0.51180,1.85910,,-26.0405,-26.6733
2010-09-30,5519.30900,2620.35000,2898.95900,2227.09000,2404.07000,494.88920,,1658.95000,548.78000,1110.17000,1109.64500,0.00000,1109.64500,399.04400,399.04400,2.66000,2.66000,0.25010,0.33360,22.88930,15.31030,0.03530,2.64620,4.66980,0.54070,1.98430,,9.8713,9.2747
2010-06-30,5500.46900,2227.75000,3272.71900,1872.60000,2036.76000,1235.95900,,1216.14000,226.03000,990.11000,991.66800,0.00000,991.66800,399.12000,399.12000,2.37000,2.37000,0.23700,0.31070,18.43440,15.03180,0.03390,2.46990,4.42360,0.50940,1.88450,,1.3982,0.7951
2010-03-31,5244.10000,1920.85000,3323.25000,1979.64000,2139.37000,1183.88000,,1183.87000,200.77000,983.10000,983.09000,0.00000,983.09000,,,,0.00000,0.23000,0.29870,19.07050,15.83620,0.03520,2.49270,4.50430,0.55780,1.91940,,0.00000,
2009-12-31,6833.00000,,6833.00000,,,6833.00000,,6833.00000,,6833.00000,917.04400,0.00000,917.04400,223.79200,223.79200,2.09000,2.09000,0.24720,0.32830,100.00000,13.42080,0.04250,2.60460,4.79200,0.57100,1.96080,,-21.3577,-21.809
2009-09-30,7537.04600,2188.68000,5348.36600,3820.39000,4002.46000,1345.90600,,1164.96000,374.35000,790.61000,790.75800,0.00000,790.75800,333.12000,333.12000,2.37000,2.37000,0.28410,0.39690,18.57960,12.61160,0.03810,2.64480,5.96420,0.48080,1.89330,,-6.3829,-6.8169
