Date,revenue,cost-goods-sold,gross-profit,selling-general-administrative-expenses,operating-expenses,operating-income,pre-tax-income,total-provision-income-taxes,income-after-taxes,income-from-continuous-operations,net-income,basic-shares-outstanding,shares-outstanding,eps-basic-net-earnings-per-share,eps-earnings-per-share-diluted,long-term-debt-capital,debt-equity-ratio,pre-tax-profit-margin,net-profit-margin,asset-turnover,roe,return-on-tangible-equity,roa,roi,book-value-per-share,operating-cash-flow-per-share,free-cash-flow-per-share
2024-09-30,52.58700,14.00800,38.57900,24.16900,24.16900,14.41000,14.41000,3.80700,10.60300,10.60300,10.60300,14.18800,14.33600,0.75000,0.74000,0.31530,0.81040,38.71570,28.48740,0.01010,2.95600,3.20000,0.28690,2.02400,24.88540,1.9133,1.9058
2024-06-30,51.12500,13.32500,37.80000,23.59300,23.59300,14.20700,14.20700,3.94400,10.26300,10.26300,10.26300,14.30000,14.38100,0.72000,0.71000,0.19560,0.89450,38.50240,27.81380,0.01000,2.93210,3.19020,0.27880,2.35870,24.19440,0.0488,0.0233
2024-03-31,49.55000,12.24400,37.30600,24.65300,24.65300,12.65300,12.65300,3.32300,9.33000,9.33000,9.33000,14.50800,14.55400,0.64000,0.64000,0.19770,0.83130,34.03270,25.09480,0.01050,2.70360,2.94730,0.26260,2.16910,23.56400,0.47970,0.76470
2023-12-31,50.48900,14.57400,35.91500,27.66200,27.66200,8.25300,8.25300,1.96400,6.28900,6.28900,6.28900,14.70600,14.73800,0.44000,0.43000,0.56850,1.63440,25.47930,19.41590,0.00870,1.86010,2.02390,0.16860,0.80260,22.28720,0.5045,1.8451
2023-09-30,50.14600,14.29700,35.84900,22.52900,22.52900,13.32000,13.32000,3.43500,9.88500,9.88500,9.88500,14.58300,14.63600,0.68000,0.68000,0.21560,1.60840,37.12170,27.54860,0.00960,3.20050,3.53180,0.26440,2.51040,21.00800,1.3557,1.3287
2023-06-30,48.88800,12.55800,36.33000,22.89800,22.89800,13.43200,13.43200,3.51300,9.91900,9.91900,9.91900,14.73600,14.75500,0.67000,0.67000,0.21510,1.56250,36.90110,27.25000,0.00970,3.20390,3.53750,0.26360,2.51480,20.90140,1.0509,1.0296
2023-03-31,43.99800,9.28700,34.71100,23.25200,23.25200,11.45900,11.45900,2.70800,8.75100,8.75100,8.75100,14.97200,15.00200,0.58000,0.58000,0.21640,1.28860,33.26170,25.40130,0.00930,2.85040,3.15240,0.23690,2.23370,20.39800,0.70170,0.67580
2022-12-31,43.26000,6.24100,37.01900,28.00400,28.00400,9.01500,9.01500,1.90200,7.11300,7.11300,7.11300,14.95600,15.02300,0.48000,0.48000,0.21810,1.36000,29.52250,23.29380,0.00850,2.34300,2.59650,0.19710,1.83190,20.01200,0.0061,-0.0187
2022-09-30,38.54000,3.01700,35.52300,22.25500,22.25500,13.26800,13.26800,3.33300,9.93500,9.93500,9.93500,14.95400,15.01400,0.66000,0.66000,0.22290,1.01580,38.72290,28.99550,0.00970,3.36700,3.74630,0.28130,2.61650,19.55930,1.2699,1.2477
2022-06-30,38.64500,1.62100,37.02400,24.53200,24.53200,12.49200,12.49200,3.28800,9.20400,9.20400,9.20400,14.93200,15.00400,0.62000,0.61000,0.22040,0.67740,36.09880,26.59730,0.01020,3.07780,3.42260,0.27100,2.39930,19.81630,0.3326,0.3126
2022-03-31,32.14400,1.32500,30.81900,20.67900,20.67900,10.14000,10.14000,2.73300,7.40700,7.40700,7.40700,15.02100,15.02100,0.49000,0.49000,0.20600,0.59030,33.45100,24.43510,0.00890,2.27420,2.50820,0.21670,1.80580,21.58900,0.62610,0.60840
2021-12-31,34.99900,1.33100,33.66800,20.97500,20.97500,12.69300,12.69300,3.07200,9.62100,9.62100,9.62100,15.24200,15.35300,0.62000,0.63000,0.18890,0.52800,36.40300,27.59260,0.01030,2.65410,2.89910,0.28540,2.15270,23.73900,-1.7023,-1.6799
2021-09-30,35.16400,0.91300,34.25100,20.27500,20.27500,13.97600,13.97600,3.37100,10.60500,10.60500,10.60500,15.25700,15.34300,0.70000,0.69000,0.18820,0.48570,40.10220,30.42950,0.01010,2.90940,3.17870,0.30800,2.36200,23.69700,3.7467,3.8114
2021-06-30,34.70400,0.90300,33.80100,18.13500,18.13500,15.66600,15.66600,3.95800,11.70800,11.70800,11.70800,15.24400,15.37600,0.77000,0.76000,0.08960,0.29560,43.63670,32.61190,0.01100,3.27290,3.58490,0.35780,2.97960,23.21260,0.4294,0.4154
2021-03-31,36.28800,0.90300,35.38500,20.52100,20.52100,14.86400,14.86400,3.78600,11.07800,11.07800,11.07800,15.24100,15.35600,0.73000,0.72000,0.09180,0.26350,42.30540,31.52980,0.01060,3.18350,3.49920,0.33310,2.89130,22.58000,0.95590,0.95150
2020-12-31,35.80300,0.93200,34.87100,22.95800,22.95800,11.91300,11.91300,2.93500,8.97800,8.97800,8.97800,15.21700,15.28000,0.59000,0.59000,0.09270,0.63150,36.46350,27.48000,0.01010,2.61070,2.87540,0.27880,2.36870,22.34830,0.8511,0.7852
2020-09-30,36.14800,0.96900,35.17900,21.65300,21.65300,13.52600,13.52600,3.17000,10.35600,10.35600,10.35600,15.19300,15.38700,0.68000,0.68000,0.09450,0.68320,41.20140,31.54530,0.01030,3.07990,3.40310,0.32370,2.78890,21.91680,0.3402,0.3329
2020-06-30,32.28500,1.24300,31.04200,20.23300,20.23300,10.80900,10.80900,2.50600,8.30300,8.30300,8.30300,15.19200,15.23800,0.55000,0.54000,0.09670,0.73140,37.47660,28.78790,0.00930,2.53580,2.81240,0.26700,2.29070,21.55160,0.7573,0.7515
2020-03-31,32.15700,2.26400,29.89300,19.61800,19.61800,10.27500,10.27500,2.46800,7.80700,7.80700,7.80700,15.26200,15.34000,0.51000,0.51000,0.09870,0.43340,36.57500,27.78980,0.01050,2.44380,2.72030,0.29230,2.20260,21.03090,0.67100,0.55910
2019-12-31,33.62200,2.95300,30.66900,18.46000,18.46000,12.20900,12.18700,2.90200,9.28500,9.28500,9.28500,15.31100,15.43700,0.61000,0.60000,0.10150,0.26080,40.39580,30.77660,0.01160,3.00210,3.35750,0.35800,2.69730,20.23590,1.3743,1.3645
2019-09-30,33.77000,3.52600,30.24400,18.43800,18.43800,11.80600,11.80600,2.85400,8.95200,8.95200,8.95200,15.31900,15.43500,0.58000,0.58000,0.10320,0.33710,40.85970,30.98220,0.01100,2.95100,3.31130,0.33960,2.64650,19.84780,0.444,0.4244
2019-06-30,33.64300,3.58900,30.05400,18.05600,18.05600,11.99800,11.99800,3.16900,8.82900,8.82900,8.82900,15.33000,15.45800,0.58000,0.57000,0.10510,0.22750,40.46000,29.77340,0.01150,2.97420,3.34970,0.34260,2.66170,19.36160,0.2404,0.2247
2019-03-31,33.38900,3.51000,29.87900,18.15200,18.15200,11.72700,11.72700,2.83200,8.89500,8.89500,8.89500,15.31100,15.44800,0.58000,0.58000,0.10920,0.19070,39.64640,30.07200,0.01160,3.13130,3.55060,0.35030,2.78950,18.53260,0.96890,0.96390
2018-12-31,32.32200,2.98500,29.33700,17.98700,17.98700,11.35000,10.90100,2.99700,7.90400,7.90400,7.90400,15.26200,15.43200,0.52000,0.50000,0.11300,0.39270,39.01990,28.29220,0.01110,2.89500,3.30420,0.31330,2.56800,17.84470,0.3502,0.3326
2018-09-30,31.95900,2.46000,29.49900,20.25700,20.25700,9.24200,9.24200,2.17100,7.07100,7.07100,7.07100,15.26800,15.44400,0.46000,0.46000,0.11650,0.25590,34.16760,26.14150,0.01100,2.68650,3.08610,0.28710,2.37340,17.22790,0.9012,0.8644
2018-06-30,30.31200,2.08300,28.22900,17.59400,17.59400,10.63500,10.63500,2.64300,7.99200,7.99200,7.99200,15.25500,15.42900,0.52000,0.52000,0.11760,0.19950,38.07870,28.61540,0.01150,3.07100,3.53690,0.32950,2.70990,17.05580,0.1999,0.0786
2018-03-31,28.60900,1.71600,26.89300,18.08700,18.08700,8.80600,8.80600,2.09600,6.71000,6.71000,6.71000,15.23300,15.41200,0.44000,0.44000,0.11940,0.20860,32.98990,25.13770,0.01120,2.62810,3.02310,0.28270,2.31420,16.74560,0.52160,0.49490
2017-12-31,29.50700,1.59200,27.91500,15.53900,15.53900,12.37600,10.15100,6.10700,4.04400,4.04400,4.04400,14.17200,14.35800,0.26000,0.26000,0.11910,0.25250,34.58010,13.77620,0.01250,1.58000,1.81870,0.17280,1.39190,16.81290,1.5776,1.5419
2017-09-30,25.74200,1.39700,24.34500,15.44500,15.44500,8.90000,8.90000,3.15800,5.74200,5.74200,5.74200,13.83900,14.01400,0.41000,0.41000,0.13620,0.25250,36.55780,23.58600,0.01170,2.62090,2.75620,0.27630,2.26400,15.82970,0.5166,0.4688
2017-06-30,24.41900,1.21500,23.20400,15.39100,15.39100,7.81300,7.81300,2.61100,5.20200,5.20200,5.20200,13.83100,14.01000,0.38000,0.37000,0.13770,0.21190,34.11190,22.71220,0.01100,2.40700,2.53430,0.25030,2.07560,15.62370,0.169,0.1607
2017-03-31,23.03500,1.01900,22.01600,15.70100,15.70100,6.31500,6.31500,1.76400,4.55100,4.55100,4.55100,13.80200,14.00900,0.33000,0.32000,0.14070,0.20860,28.68370,20.67130,0.01100,2.16280,2.28170,0.22760,1.85850,15.21450,0.57000,0.51270
2016-12-31,24.12300,0.97900,23.14400,12.32700,12.32700,10.81700,8.40600,2.89000,5.51600,5.51600,5.51600,13.53000,13.65200,0.41000,0.40000,0.14320,0.52220,36.32040,23.83340,0.01140,2.67930,2.83150,0.27130,2.29560,14.94360,-0.6038,-0.6643
2016-09-30,22.78500,0.88700,21.89800,16.12100,16.12100,5.77700,5.77700,1.84800,3.92900,3.92900,3.92900,13.79000,13.90400,0.28000,0.28000,0.14150,0.55260,26.38140,17.94230,0.01110,1.88420,1.98750,0.19910,1.61760,15.12170,1.0098,0.9323
2016-06-30,20.50800,0.73900,19.76900,13.71500,13.71500,6.05400,6.05400,1.96800,4.08600,4.08600,4.08600,13.28000,13.39300,0.31000,0.31000,0.13490,0.70050,30.62370,20.66870,0.01070,2.06040,2.14780,0.22170,1.78240,14.92660,0.3262,0.2606
2016-03-31,20.32700,0.71800,19.60900,13.47900,13.47900,6.13000,6.13000,2.09400,4.03600,4.03600,4.03600,13.26500,13.38700,0.30000,0.30000,0.13730,0.32110,31.26120,20.58240,0.01110,2.07670,2.16360,0.22880,1.79160,14.63900,0.40910,0.35000
2015-12-31,20.95600,0.65000,20.30600,12.10600,12.10600,8.20000,8.09900,2.73700,5.36200,5.36200,5.36200,13.46100,13.58500,0.40000,0.40000,0.14750,0.61800,39.88480,26.40600,0.01130,2.81710,2.93810,0.29850,2.40160,14.36100,0.9025,0.8749
2015-09-30,19.78500,0.64700,19.13800,12.28500,12.28500,6.85300,6.85300,2.44300,4.41000,4.41000,4.41000,13.35900,13.48200,0.33000,0.33000,0.14970,0.45200,35.80830,23.04320,0.01110,2.35760,2.46120,0.25680,2.00470,14.11930,0.3513,0.3152
2015-06-30,20.32300,0.65100,19.67200,12.75100,12.75100,6.92100,6.92100,2.36400,4.55700,4.55700,4.55700,13.56000,13.68600,0.34000,0.33000,0.15030,0.30040,35.18200,23.16490,0.01130,2.44860,2.55720,0.26280,2.08050,13.88330,1.0296,0.9395
2015-03-31,19.35800,0.63300,18.72500,13.46000,13.46000,5.26500,5.26500,1.52700,3.73800,3.73800,3.73800,13.67900,13.80500,0.27000,0.27000,0.14870,0.74120,28.11750,19.96260,0.01080,1.98320,2.07040,0.21560,1.68830,13.82860,-0.17110,-0.19920
2014-12-31,18.83000,0.64100,18.18900,10.81800,10.81800,7.37100,5.30100,1.64800,3.65300,3.65300,3.65300,14.00200,14.13600,0.27000,0.27000,0.16480,0.33340,29.14400,20.08360,0.01110,1.95250,2.03940,0.22310,1.63070,13.66730,0.5414,0.5268
2014-09-30,17.76300,0.68600,17.07700,11.75000,11.75000,5.32700,5.32700,1.77600,3.55100,3.55100,3.55100,13.93900,14.07300,0.25000,0.25000,0.14240,0.32480,31.19400,20.79410,0.01150,1.90670,1.96520,0.23850,1.63510,13.45570,0.3372,0.2851
2014-06-30,17.70000,0.73200,16.96800,11.20800,11.20800,5.76000,5.76000,1.52300,4.23700,4.23700,4.23700,14.08700,14.21200,0.30000,0.30000,0.14200,0.23950,34.35120,25.26840,0.01120,2.26670,2.33600,0.28280,1.94490,13.34300,0.864,0.8508
2014-03-31,16.65900,0.73700,15.92200,10.87900,10.87900,5.04300,5.04300,1.24400,3.79900,3.79900,3.79900,14.22800,14.37300,0.27000,0.26000,0.14380,0.19790,31.97440,24.08700,0.01080,2.06280,2.12680,0.26050,1.76620,12.98890,0.33270,0.24460
2013-12-31,17.79500,0.74200,17.05300,12.28900,12.28900,4.76400,4.76400,0.89500,3.86900,3.86900,3.86900,14.15600,14.29000,0.26000,0.28000,0.14550,0.20310,30.63070,24.87620,0.01100,2.12960,2.19670,0.27430,1.81980,12.77860,0.6279,0.6004
2013-09-30,17.11000,0.79000,16.32000,12.29000,12.29000,4.03000,4.03000,0.66300,3.36700,3.36700,3.36700,14.17700,14.32900,0.24000,0.23000,0.14800,0.20570,25.96650,21.69460,0.01120,1.89100,1.95170,0.24340,1.61110,12.54360,0.6141,0.6108
2013-06-30,17.11200,0.81500,16.29700,11.16700,11.16700,5.13000,5.13000,1.33100,3.79900,3.79900,3.79900,14.12800,14.22700,0.27000,0.27000,0.15010,0.18780,32.37210,23.97300,0.01150,2.16870,2.23960,0.27560,1.84330,12.38480,0.7307,0.7214
2013-03-31,16.83100,0.87400,15.95700,13.41900,13.41900,2.53800,2.53800,0.20400,2.33400,2.33400,2.33400,14.11400,14.19400,0.17000,0.16000,0.14980,0.22900,17.67780,16.25690,0.01040,1.32960,1.37300,0.16840,1.13040,12.43220,0.41360,0.40700
2012-12-31,18.91200,0.97400,17.93800,16.23800,16.23800,1.70000,1.70000,-0.39800,2.09800,2.09800,2.09800,14.10400,14.12000,0.15000,0.15000,0.17120,0.42550,11.85660,14.63250,0.01000,1.20650,1.24620,0.14590,0.99990,12.32670,0.6946,0.6796
2012-09-30,18.57200,1.06300,17.50900,16.19500,16.19500,1.31400,1.31400,-0.32100,1.63500,1.63500,1.63500,14.10400,14.13900,0.12000,0.12000,0.17080,0.50130,10.25840,12.76450,0.00900,0.93710,0.96790,0.11490,0.77710,12.37050,0.8366,0.7859
2012-06-30,17.73400,1.06400,16.67000,13.64300,13.64300,3.02700,3.02700,0.45400,2.57300,2.57300,2.57300,14.10300,14.10800,0.18000,0.18000,0.17230,0.36780,22.40560,19.04520,0.00970,1.49130,1.54080,0.18380,1.23430,12.23410,0.7266,0.5943
2012-03-31,17.81000,1.22000,16.59000,14.79000,14.79000,1.80000,1.80000,-0.07900,1.87900,1.87900,1.87900,14.10200,14.10800,0.13000,0.13000,0.17430,0.24540,13.00580,13.57660,0.01030,1.10370,1.14090,0.13940,0.91140,12.07150,0.48280,0.43920
2011-12-31,18.87800,1.36700,17.51100,16.18000,16.18000,1.33100,1.33100,-0.21000,1.54100,1.54100,1.54100,14.03700,14.08500,0.10000,0.10000,0.21410,0.39200,8.80820,10.19790,0.01130,0.91420,0.94530,0.11540,0.71840,11.95320,0.7812,0.6459
2011-09-30,18.30800,1.39200,16.91600,13.56800,13.56800,3.34800,3.34800,0.82200,2.52600,2.52600,2.52600,14.05200,14.09700,0.18000,0.18000,0.21440,0.44890,24.05860,18.15180,0.01030,1.50070,1.55180,0.18690,1.17900,11.97020,0.3456,0.3388
2011-06-30,18.42200,1.45200,16.97000,14.55500,14.55500,2.41500,2.41500,0.23100,2.18400,2.18400,2.18400,14.01300,14.08500,0.16000,0.16000,0.21730,0.30170,17.28700,15.63350,0.01040,1.32030,1.36610,0.16230,1.03340,11.77560,0.6404,0.6586
2011-03-31,17.99800,1.44600,16.55200,15.30200,15.30200,1.25000,1.25000,-0.27900,1.52900,1.52900,1.52900,13.98200,14.06100,0.11000,0.11000,0.22140,0.28460,9.65100,11.80510,0.00990,0.94660,0.94660,0.11650,0.73700,11.54890,0.69270,0.62240
2010-12-31,19.72200,1.66800,18.05400,16.72200,16.72200,1.33200,1.33200,-0.26100,1.59300,1.59300,1.59300,12.11000,12.19200,0.11000,0.10000,0.22350,0.37960,9.08970,10.87080,0.01140,0.99810,1.03410,0.12380,0.77510,11.41850,0.5874,0.5344
2010-09-30,22.96100,1.88600,21.07500,20.97500,20.97500,0.10000,0.10000,-0.78700,0.88700,0.88700,0.88700,11.65000,11.73800,0.08000,0.08000,0.24910,0.42020,0.68050,6.03610,0.01130,0.64060,0.64060,0.06820,0.48100,11.88470,0.9165,0.8668
2010-06-30,20.20500,2.04800,18.15700,15.04800,15.04800,3.10900,3.10900,0.56500,2.54400,2.54400,2.54400,11.64600,11.75000,0.22000,0.22000,0.24740,0.59270,21.21170,17.35690,0.01100,1.82040,1.82040,0.19150,1.37010,11.99680,0.4385,0.3837
2010-03-31,20.20800,2.04700,18.16100,15.57300,15.57300,2.58800,2.58800,0.24900,2.33900,2.33900,2.33900,11.63100,11.69400,0.20000,0.20000,0.25120,0.41690,17.53270,15.84580,0.01120,1.70820,1.70820,0.17780,1.27920,11.77040,0.68350,0.63750
2009-12-31,21.59500,2.30500,19.29000,14.79500,14.79500,4.49500,4.49500,0.96100,3.53400,3.53400,3.53400,10.34400,10.41500,0.30000,0.30000,0.27470,0.45310,28.64520,22.52100,0.01170,2.62790,3.42170,0.26460,1.90610,11.57320,0.1448,0.0559
2009-09-30,22.58200,2.70300,19.87900,21.21400,21.21400,-1.33500,-1.33500,-1.44100,0.10600,0.10600,0.10600,10.37700,10.45700,0.01000,0.01000,0.27800,0.75430,-14.19310,1.12690,0.00720,0.08010,0.08010,0.00810,0.05790,11.38250,0.561,0.3638
2009-06-30,22.10700,3.26900,18.83800,15.88900,15.88900,2.94900,2.94900,0.35600,2.59300,2.59300,2.59300,9.67900,9.76100,0.27000,0.27000,0.31570,0.87430,19.74420,17.36070,0.01150,2.34880,2.34880,0.20010,1.60730,11.40580,0.9291,0.9263
2009-03-31,21.14100,3.90000,17.24100,13.81400,13.81400,3.42700,3.42700,0.73200,2.69500,2.69500,2.69500,9.67600,9.75200,0.28000,0.28000,0.31790,0.83020,25.12460,19.75810,0.01040,2.46590,2.46590,0.20610,1.68210,11.29140,0.63800,0.59690
