Date,revenue,cost-goods-sold,gross-profit,selling-general-administrative-expenses,operating-expenses,operating-income,pre-tax-income,total-provision-income-taxes,income-after-taxes,income-from-continuous-operations,net-income,basic-shares-outstanding,shares-outstanding,eps-basic-net-earnings-per-share,eps-earnings-per-share-diluted,long-term-debt-capital,debt-equity-ratio,pre-tax-profit-margin,net-profit-margin,asset-turnover,roe,return-on-tangible-equity,roa,roi,book-value-per-share,operating-cash-flow-per-share,free-cash-flow-per-share
2024-09-30,64.54900,37.42800,27.12100,15.75100,15.76000,11.36100,11.36100,2.68600,8.67500,8.67500,7.66200,27.38280,27.90490,0.28000,0.27000,0.14960,0.97930,41.89010,28.25120,0.00580,2.24920,1.93030,0.18490,1.63130,16.48800,-0.2181,-0.2348
2024-06-30,62.64100,35.88200,26.75900,16.13100,16.13900,10.62000,10.62000,2.50500,8.11500,8.11500,7.10100,27.38670,27.74820,0.26000,0.26000,0.15320,0.86570,40.59790,27.14550,0.00560,2.17720,1.85930,0.17310,1.56440,16.06120,0.3851,0.3784
2024-03-31,60.21900,34.03800,26.18100,15.93000,15.93900,10.24200,10.24200,2.41100,7.83100,7.83100,6.81800,27.69140,28.08980,0.25000,0.24000,0.15470,0.94590,40.27370,26.80980,0.00540,2.13320,1.81780,0.16580,1.52650,15.71620,0.25580,0.25560
2023-12-31,59.96200,33.23900,26.72300,15.48100,15.49000,11.23300,11.23300,2.36000,8.87300,8.87300,7.85900,27.85740,28.31560,0.28000,0.29000,0.15710,0.96950,41.64540,29.13650,0.00580,2.47160,2.09910,0.19240,1.75770,15.33440,-0.2993,-0.3057
2023-09-30,58.53500,31.38800,27.14700,14.62800,14.63700,12.51000,12.51000,2.88100,9.62900,9.62900,8.61600,27.94340,28.31180,0.31000,0.30000,0.15990,0.93140,45.08600,31.05200,0.00610,2.75550,2.33070,0.21130,1.94470,14.84720,0.5537,0.5497
2023-06-30,56.41600,29.12900,27.28700,14.29000,14.32400,12.96300,12.96300,3.14700,9.81600,9.81600,8.80200,27.88640,28.19870,0.32000,0.31000,0.16200,1.34400,47.59340,32.31630,0.00590,2.86500,2.41600,0.21320,2.01060,14.62520,0.5319,0.4417
2023-03-31,53.93500,23.42500,30.51000,14.64600,14.69400,15.81600,15.81600,4.17400,11.64200,11.64200,10.62900,27.72690,28.49010,0.38000,0.37000,0.16420,1.80780,52.92290,35.56630,0.00650,3.47010,2.91680,0.25290,2.42030,14.43730,0.27370,0.27350
2022-12-31,50.59800,15.96700,34.63100,14.73900,14.73900,19.89200,17.92800,4.19300,13.73500,13.73500,12.72100,27.75830,28.66820,0.46000,0.45000,0.16680,1.20960,54.11250,38.39610,0.00760,4.19330,3.51140,0.31610,2.90400,14.19950,0.1541,0.1481
2022-09-30,43.74600,8.26400,35.48200,15.65700,15.65700,19.82500,19.82500,5.31200,14.51300,14.51300,13.50000,27.52010,28.59290,0.49000,0.47000,0.19500,0.98440,58.33970,39.72690,0.00820,4.60010,3.82880,0.35150,3.05820,13.84740,0.338,0.3273
2022-06-30,39.43200,5.25200,34.18000,16.77700,16.77700,17.40300,17.40300,4.52100,12.88200,12.88200,11.86800,27.83930,28.80380,0.43000,0.41000,0.19780,0.62680,55.85940,38.09340,0.00800,4.17750,3.46410,0.33170,2.75640,13.54490,1.3999,1.3692
2022-03-31,36.25100,4.51400,31.73700,15.18300,15.18300,16.55400,16.55400,4.29200,12.26200,12.26200,11.24900,28.12380,29.15610,0.40000,0.39000,0.19570,0.41600,55.06620,37.41930,0.00830,3.91850,3.25780,0.33990,2.59900,13.47930,1.07290,1.06340
2021-12-31,35.06300,4.62200,30.44100,11.55100,11.55100,18.89000,16.83200,4.31800,12.51400,12.51400,11.34300,28.02750,28.96830,0.41000,0.39000,0.19560,0.35530,57.46480,38.72520,0.00840,4.00120,3.32670,0.35980,2.65400,13.44600,0.3653,0.358
2021-09-30,34.92700,4.84400,30.08300,14.53600,14.53600,15.54700,15.54700,4.03800,11.50900,11.50900,11.50900,28.04730,29.11060,0.41000,0.40000,0.20040,0.37970,54.01450,39.98540,0.00850,3.81990,3.15620,0.33960,2.50220,13.10450,0.5481,0.5401
2021-06-30,32.75000,4.85900,27.89100,13.07700,13.07700,14.81400,14.81400,3.82100,10.99300,10.99300,10.99300,28.04080,29.12820,0.39000,0.38000,0.20260,0.45190,56.34630,41.81280,0.00830,3.77990,3.82190,0.34760,3.01390,10.32670,0.2236,0.2418
2021-03-31,31.44800,5.04500,26.40300,12.02300,12.02300,14.38000,14.38000,3.70900,10.67100,10.67100,10.67100,28.01740,28.94520,0.38000,0.37000,0.20910,0.47040,56.83120,42.17290,0.00820,3.82240,3.86740,0.34730,3.02300,9.92330,0.73530,0.70550
2020-12-31,31.68500,5.85800,25.82700,19.15800,19.15800,6.66900,6.66900,1.69000,4.97900,4.97900,4.97900,28.58210,29.17020,0.18000,0.17000,0.21740,0.53590,30.41460,22.70720,0.00750,1.87600,1.89960,0.17010,1.46810,9.43060,0.1748,0.0839
2020-09-30,29.65000,6.81400,22.83600,13.42200,13.42200,9.41400,9.41400,2.24000,7.17400,7.17400,7.17400,28.68390,29.17460,0.25000,0.25000,0.21720,0.80120,49.32410,37.58780,0.00690,2.70280,2.73730,0.25860,2.11560,9.24500,0.5909,0.3819
2020-06-30,30.14300,6.82400,23.31900,13.71100,13.71100,9.60800,9.60800,2.01000,7.59800,7.59800,7.59800,28.67640,29.16520,0.26000,0.26000,0.22260,0.90660,47.28580,37.39360,0.00740,2.95420,2.99370,0.27580,2.29650,8.91840,0.0966,-0.1843
2020-03-31,29.18700,7.36600,21.82100,11.84600,11.84600,9.97500,9.97500,2.53200,7.44300,7.44300,7.44300,28.79100,29.50200,0.26000,0.25000,0.09070,0.98640,50.58060,37.74150,0.00820,2.99950,3.04160,0.30770,2.72740,8.61400,-0.07320,-0.33410
2019-12-31,28.53100,7.49100,21.04000,11.08900,11.08900,9.95100,9.95100,1.38000,8.57100,8.57100,8.57100,29.35860,29.99680,0.30000,0.29000,0.09180,0.71180,48.68400,41.93250,0.00900,3.50130,3.55190,0.37780,3.18000,8.44870,0.2361,0.1766
2019-09-30,27.51800,7.63700,19.88100,9.98400,9.98400,9.89700,9.89700,2.09200,7.80500,7.80500,7.80500,28.82000,29.49800,0.27000,0.27000,0.09470,0.76130,52.14160,41.12010,0.00850,3.30640,3.35660,0.34960,2.99310,8.20190,0.4127,0.1942
2019-06-30,26.65400,7.38200,19.27200,10.07400,10.07400,9.19800,9.19800,1.18900,8.00900,8.00900,8.00900,29.70300,30.31200,0.27000,0.26000,0.09720,0.79070,49.26090,42.89310,0.00880,3.49530,3.55080,0.37710,3.15540,7.90480,0.3543,0.2498
2019-03-31,24.90100,7.13600,17.76500,8.48500,8.48500,9.28000,9.28000,2.26200,7.01800,7.01800,7.01800,30.09800,30.70700,0.23000,0.23000,0.09620,0.70390,54.06350,40.88550,0.00840,3.02790,3.07610,0.34270,2.73680,7.70070,0.31460,0.22230
2018-12-31,24.84500,6.54600,18.29900,11.84000,11.84000,6.45900,6.45900,-1.30200,7.76100,7.76100,7.76100,29.00100,29.43600,0.26000,0.25000,0.10030,0.82190,36.91070,44.35110,0.00890,3.51180,3.57120,0.39320,3.15970,7.34290,0.2701,0.2043
2018-09-30,22.95000,5.50200,17.44800,8.80100,8.80100,8.64700,8.64700,2.18400,6.46300,6.46300,6.46300,30.05900,30.49000,0.22000,0.21000,0.10450,0.88740,53.46570,39.96170,0.00860,3.06520,3.12030,0.34270,2.74490,7.01440,0.3225,0.2877
2018-06-30,20.87700,4.49300,16.38400,7.36400,7.36400,9.02000,9.02000,2.27400,6.74600,6.74600,6.74600,30.05900,30.48700,0.22000,0.22000,0.10660,0.60500,58.25370,43.56760,0.00880,3.27590,3.33710,0.38480,2.92660,6.85050,0.2339,0.2174
2018-03-31,19.09700,3.94700,15.15000,7.13200,7.13200,8.01800,8.01800,2.06800,5.95000,5.95000,5.95000,25.75600,26.17100,0.23000,0.23000,0.10980,0.61820,55.10650,40.89350,0.00870,2.98940,3.04790,0.35380,2.66110,6.62140,0.17250,0.17540
2017-12-31,19.16200,3.75300,15.40900,11.84400,11.84400,3.56500,5.38800,2.04900,3.33900,3.34900,3.34900,24.60400,25.01800,0.13000,0.14000,0.15170,0.96620,32.96820,20.49200,0.01010,2.44160,2.51250,0.20720,2.07130,5.55760,0.2294,0.2348
2017-09-30,18.37100,3.32300,15.04800,7.30900,7.30900,7.73900,7.73900,3.06400,4.67500,4.67500,4.67500,24.60100,24.82000,0.19000,0.19000,,,55.88530,33.75940,,,,,,,0.2642,0.3187
2017-06-30,16.26000,2.70200,13.55800,6.09600,6.09600,7.46200,7.46200,2.66500,4.79700,4.79700,4.79700,24.59000,24.80900,0.20000,0.19000,,,58.60360,37.67380,,,,,,,0.1605,0.2087
2017-03-31,15.09200,2.42100,12.67100,6.20400,6.20400,6.46700,6.46700,2.38400,4.08300,4.08300,4.08300,24.59000,24.79900,0.17000,0.16000,,,55.17450,34.83490,,,,,,,0.34130,0.36950
2016-12-31,,,,,,,,,,,,,,,0.00000,,,,,,,,,,,0,0
