Date,revenue,cost-goods-sold,gross-profit,research-development-expenses,selling-general-administrative-expenses,operating-expenses,operating-income,total-non-operating-income-expense,pre-tax-income,total-provision-income-taxes,income-after-taxes,income-from-continuous-operations,net-income,ebitda,ebit,basic-shares-outstanding,shares-outstanding,eps-basic-net-earnings-per-share,eps-earnings-per-share-diluted,current-ratio,long-term-debt-capital,debt-equity-ratio,gross-margin,operating-margin,ebit-margin,pre-tax-profit-margin,net-profit-margin,asset-turnover,inventory-turnover,receiveable-turnover,days-sales-in-receivables,roe,return-on-tangible-equity,roa,roi,book-value-per-share,operating-cash-flow-per-share,free-cash-flow-per-share
2024-09-30,81.00600,66.69800,14.30800,6.13300,39.08400,45.21700,-30.90900,4.37700,-26.53200,0.00600,-26.53800,-26.57600,-26.57600,-24.64300,-30.90900,65.06100,65.06100,-0.41000,-0.41000,3.43470,2.15060,-1.86910,17.66290,-38.15640,-38.15640,-32.75310,-32.80750,0.11690,0.53290,2.33620,38.52380,4.34300,4.34300,-3.83530,-4.99700,-9.38950,-0.3371,-0.3537
2024-06-30,93.18500,79.46800,13.71700,5.48500,42.16300,47.64800,-33.93100,-0.55200,-34.48300,-0.03400,-34.44900,-34.47900,-34.47900,-27.73500,-33.93100,64.90200,64.90200,-0.53000,-0.53000,3.79880,2.06730,-1.93700,14.72020,-36.41250,-36.41250,-37.00490,-37.00060,0.13100,0.66480,2.70390,33.28510,5.84370,5.84370,-4.84780,-6.23680,-9.07830,-0.2451,-0.2235
2024-03-31,75.60300,71.93500,3.66800,9.86000,47.28200,57.14200,-53.47400,-0.89200,-54.36600,0.00200,-54.36800,-54.36100,-54.36100,-45.52100,-53.47400,64.70200,64.70200,-0.84000,-0.84000,4.27040,1.96670,-2.03440,4.85170,-70.73000,-70.73000,-71.90990,-71.90320,0.10290,0.58700,2.12080,42.43640,9.68290,9.68290,-7.39580,-9.36070,-8.65670,-0.49160,-0.50340
2023-12-31,73.67900,157.53800,-83.85900,9.20700,67.73700,76.94400,-160.80300,5.73100,-155.07200,,-155.07200,-155.11000,-155.11000,-129.43300,-160.80300,64.30000,64.30000,-2.42000,-2.42000,5.01440,1.82210,-2.21640,-113.81670,-218.24800,-218.24800,-210.46970,-210.52120,0.09510,1.20870,2.32210,38.75870,30.21420,30.21420,-20.02840,-24.83950,-7.94390,-0.4458,-0.4483
2023-09-30,75.31200,82.56600,-7.25400,9.11800,53.25200,62.36600,-69.62000,-0.74600,-70.36600,,-70.36600,-70.49200,-70.49200,-62.85700,-69.62000,64.39800,64.39800,-1.09000,-1.09000,5.98070,1.46890,-3.13270,-9.63190,-92.44210,-92.44210,-93.43270,-93.60000,0.08100,0.42440,2.10590,42.73780,19.42430,19.42430,-7.58620,-9.10790,-5.62990,0.1439,0.1243
2023-06-30,102.14900,99.87600,2.27300,8.77300,47.45500,56.02700,-53.75400,0.75700,-52.99700,0.00500,-53.00200,-53.50500,-53.50500,-46.89200,-53.75400,64.24600,64.24600,-0.83000,-0.83000,9.10330,1.35740,-3.79760,2.22520,-52.62310,-52.62310,-51.88210,-52.37940,0.10550,0.48220,2.01000,44.77670,17.88760,17.88760,-5.52400,-6.39390,-4.65060,-0.716,-0.7434
2023-03-31,92.23600,86.05100,6.18500,12.43200,51.90000,63.90600,-57.72100,1.91900,-55.80200,,-55.80200,-59.03700,-59.03700,-50.68800,-57.72100,64.00500,64.00500,-0.92000,-0.92000,9.13020,1.28700,-4.48380,6.70560,-62.57970,-62.57970,-60.49920,-64.00650,0.09350,0.38700,2.17560,41.36730,23.32240,23.32240,-5.98400,-6.69450,-3.94590,-0.65900,-0.70660
2022-12-31,79.93800,82.86900,-2.93100,12.97100,46.88100,62.79000,-65.72100,6.96400,-58.75700,0.01100,-58.76800,-66.86700,-66.86700,-55.41100,-65.72100,63.62200,63.62200,-1.04000,-1.04000,7.99650,1.21870,-5.57150,-3.66660,-82.21490,-82.21490,-73.50320,-83.64850,0.07530,0.35160,2.33750,38.50260,32.85070,32.85070,-6.29500,-7.18590,-3.19170,-0.7891,-1
2022-09-30,82.50000,97.34000,-14.84000,13.41300,54.49500,74.90100,-89.74100,-3.19100,-92.93200,,-92.93200,-101.67800,-101.67800,-80.32200,-89.74100,63.69500,63.69500,-1.60000,-1.60000,7.67550,1.14290,-8.00030,-17.98790,-108.77700,-108.77700,-112.64490,-123.24610,0.07230,0.39410,2.36060,38.12620,71.58200,71.58200,-8.90910,-10.22790,-2.22860,-0.5371,-0.8182
2022-06-30,147.04000,153.20200,-6.16200,16.20200,63.01500,83.51900,-89.68100,-6.01000,-95.69100,0.01100,-95.70200,-97.13400,-97.13400,-80.96900,-89.68100,63.57400,63.57400,-1.53000,-1.53000,7.48230,1.04410,-23.68720,-4.19070,-60.99090,-60.99090,-65.07820,-66.05960,0.12070,0.60160,1.90580,47.22430,202.61130,202.61140,-7.97420,-8.93240,-0.75330,-1.1041,-1.4247
2022-03-31,109.45500,109.26500,0.19000,19.67800,75.11400,97.81800,-97.62800,-2.14900,-99.77700,0.01000,-99.78700,-100.45800,-100.45800,-89.55300,-97.62800,63.46500,63.46500,-1.58000,-1.58000,9.08300,0.96500,27.60390,0.17360,-89.19460,-89.19460,-91.15800,-91.78020,0.08460,0.38510,2.07790,43.31230,-245.13300,-245.13340,-7.76030,-8.57130,0.64510,-2.60320,-2.94270
2021-12-31,100.67800,86.43300,14.24500,22.33600,65.87200,91.93400,-77.68900,-0.84800,-78.53700,0.03300,-78.57000,-80.37100,-80.37100,-69.95200,-77.68900,63.17200,63.17200,-1.27000,-1.27000,11.16950,0.89510,8.52950,14.14910,-77.16580,-77.16580,-78.00810,-79.82970,0.07300,0.35740,2.29830,39.15990,-60.65960,-60.65970,-5.82650,-6.36550,2.08980,-1.7515,-2.2556
2021-09-30,106.43200,83.45600,22.97600,14.86200,56.36200,76.97400,-53.99800,-0.24600,-54.24400,-0.02300,-54.22100,-54.81600,-54.81600,-47.30900,-53.99800,63.28000,63.28000,-0.87000,-0.87000,15.52150,0.84500,5.45310,21.58750,-50.73470,-50.73470,-50.96590,-51.50330,0.07430,0.43130,2.17880,41.30720,-26.46770,-26.46770,-3.82690,-4.10210,3.27050,-1.1109,-1.9445
2021-06-30,149.42600,102.07400,47.35200,13.82300,48.28600,65.95300,-18.60100,-0.84200,-19.44300,0.00200,-19.44500,-19.65200,-19.65200,-12.73700,-18.60100,63.12100,63.12100,-0.31000,-0.31000,17.67970,0.81540,4.41690,31.68930,-12.44830,-12.44830,-13.01180,-13.15170,0.10190,0.61580,2.35800,38.16750,-7.69220,-7.69220,-1.34000,-1.42020,4.03970,-1.4211,-1.8645
2021-03-31,108.16400,75.45600,32.70800,15.92500,38.95400,57.35300,-24.64500,-2.19900,-26.84400,0.04800,-26.89200,-27.26600,-27.26600,-19.95000,-24.64500,62.94200,62.94200,-0.43000,-0.43000,18.12340,0.81020,4.27000,30.23930,-22.78490,-22.78490,-24.81790,-25.20800,0.07330,0.51850,2.95100,30.49790,-10.32620,-10.32620,-1.84790,-1.95970,4.19060,-0.48710,-0.85830
2020-12-31,101.93700,76.53200,25.40500,11.04700,38.48800,49.93700,-24.53200,-0.54300,-25.07500,0.00200,-25.07700,-25.07700,-25.07700,-20.44800,-24.53200,62.29000,62.29000,-0.41000,-0.41000,3.73430,0.00040,0.06870,24.92230,-24.06590,-24.06580,-24.59850,-24.60050,0.21780,0.62880,2.83360,31.76230,-6.83120,-6.83120,-5.35830,-6.82840,5.84360,0.0418,-0.5242
2020-09-30,94.43600,68.90800,25.52800,8.27800,33.56000,43.98400,-18.45600,-0.77400,-19.23000,0.05500,-19.28500,-19.28500,-19.28500,-14.93300,-18.45600,62.48700,62.48700,-0.31000,-0.31000,8.56230,0.11680,0.13240,27.03210,-19.54340,-19.54340,-20.36300,-20.42120,0.19410,0.52060,3.17330,28.36210,-5.08300,-5.08300,-3.96290,-4.48940,6.05820,0.03,-0.1594
2020-06-30,113.33800,79.68700,33.65100,6.01600,34.29200,41.81700,-8.16600,-2.02300,-10.18900,0.01600,-10.20500,-10.20500,-10.20500,-4.85800,-8.16600,62.09900,62.09900,-0.16000,-0.16000,6.47820,0.11400,0.12890,29.69080,-7.20500,-7.20500,-8.98990,-9.00400,0.21880,0.55710,2.46460,36.51680,-2.61730,-2.61730,-1.97020,-2.31880,6.24600,-0.453,-0.7064
2020-03-31,97.07400,59.38300,37.69100,6.19400,27.31500,35.88200,1.80900,0.00500,1.81400,-0.00100,1.81500,1.81500,1.81500,4.44900,1.80900,61.68000,65.92800,0.03000,0.03000,5.77840,0.04090,0.07880,38.82710,1.86350,1.86350,1.86870,1.86970,0.19750,0.49200,2.67180,33.68530,0.46300,0.46300,0.36920,0.44410,6.33690,-0.26090,-0.46360
2019-12-31,98.47900,65.01800,33.46100,5.98900,27.09000,34.38800,-0.92700,0.46300,-0.46400,-0.01200,-0.45200,-0.45200,-0.45200,1.25600,-0.92700,42.27500,42.27500,0.83000,0.84000,8.46160,0.04980,0.08130,33.97780,-0.94130,-0.94130,-0.47120,-0.45900,0.21790,0.79680,2.45710,36.62910,-0.11770,-0.11770,-0.10000,-0.11180,6.23770,-0.8339,-1.1954
2019-09-30,91.96100,59.17800,32.78300,5.95100,20.94400,29.21400,3.56900,0.53000,4.09900,,4.09900,4.09900,4.09900,5.63800,3.56900,60.41600,66.02600,0.07000,0.06000,7.45560,0.05470,0.08210,35.64880,3.88100,3.88100,4.45730,4.45730,0.20220,0.98190,2.66690,33.74670,1.08780,1.08780,0.90120,1.02820,6.22180,0.2945,0.3089
2019-06-30,67.25100,44.51000,22.74100,4.21200,15.51500,20.57400,2.16700,-11.58700,-9.42000,0.02100,-9.44100,-9.44100,-9.44100,4.23900,2.16700,39.08100,39.08100,-0.24000,-0.24000,8.95470,0.06970,0.09320,33.81510,3.22230,3.22230,-14.00720,-14.03850,0.16940,1.04250,1.95570,46.02040,-2.84550,-2.84550,-2.37770,-2.64710,5.51430,1.3319,1.7101
2019-03-31,40.20600,29.43500,10.77100,4.49800,11.17700,16.06900,-5.29800,-1.35100,-6.64900,,-6.64900,-6.64900,-6.64900,-3.33500,-5.29800,6.97400,6.97400,-0.95000,-0.95000,4.21150,0.29890,0.42690,26.78950,-13.17710,-13.17710,-16.53730,-16.53730,0.32120,0.85860,2.48280,36.24980,5.22810,-9.18850,-5.31250,-6.44190,10.16180,-1.90420,-2.54830
2018-12-31,31.51400,23.65100,7.86300,3.32000,11.67300,14.99300,-7.13000,-0.32100,-7.45100,0.00100,-7.45200,-7.45200,-7.45200,-5.19700,-7.13000,6.28700,6.28700,-1.10000,-1.10000,4.08570,0.28360,0.39640,24.95080,-22.62490,-22.62490,-23.64350,-23.64660,0.23560,0.78170,2.49600,36.05830,6.12070,-9.57960,-5.57160,-6.86300,11.19120,-2.2157,-3.0864
2018-09-30,26.27700,21.23500,5.04200,2.16500,10.35300,13.04600,-8.00400,-1.33800,-9.34200,,-9.34200,-9.34200,-9.34200,-6.56200,-8.00400,6.44200,6.44200,-1.45000,-1.45000,,,,19.18790,-30.46010,-30.46010,-35.55200,-35.55200,,,,,,,,,,-1.698,-2.8723
2018-06-30,17.36700,14.75500,2.61200,2.49700,7.04300,9.88800,-7.27600,-0.12000,-7.39600,,-7.39600,-7.39600,-7.39600,-6.36300,-7.27600,6.07200,6.07200,-1.22000,-1.22000,,,,15.04000,-41.89560,-41.89560,-42.58650,-42.58650,,,,,,,,,,-1.2425,-2.2431
2018-03-31,12.77600,10.71900,2.05700,1.60500,5.73700,7.63600,-5.57900,-0.11700,-5.69600,,-5.69600,-5.69600,-5.69600,-4.83700,-5.57900,5.79400,5.79400,-0.98000,-0.98000,,,,16.10050,-43.66780,-43.66780,-44.58360,-44.58360,,,,,,,,,,-0.84360,-1.48550
2017-12-31,,,,,,,,,,,,,,,,,,,0.00000,,,,,,,,,,,,,,,,,,0,0
2016-12-31,,,,,,,,,,,,,,,,,,,0.00000,,,,,,,,,,,,,,,,,,0,0
