Date,revenue,cost-goods-sold,gross-profit,research-development-expenses,selling-general-administrative-expenses,other-operating-income-expenses,operating-expenses,operating-income,total-non-operating-income-expense,pre-tax-income,total-provision-income-taxes,income-after-taxes,income-from-continuous-operations,income-from-discontinued-operations,net-income,ebitda,ebit,basic-shares-outstanding,shares-outstanding,eps-basic-net-earnings-per-share,eps-earnings-per-share-diluted,current-ratio,long-term-debt-capital,debt-equity-ratio,gross-margin,operating-margin,ebit-margin,pre-tax-profit-margin,net-profit-margin,asset-turnover,inventory-turnover,receiveable-turnover,days-sales-in-receivables,roe,return-on-tangible-equity,roa,roi,book-value-per-share,operating-cash-flow-per-share,free-cash-flow-per-share
2024-09-30,833.12780,619.75150,213.37630,27.26760,93.53080,16.63910,126.80900,86.56730,-38.77570,47.79160,7.62320,40.16840,40.16840,,38.48250,160.16550,86.56730,328.06900,328.06900,0.11730,0.11730,0.84110,0.38180,0.73040,25.61150,10.39060,10.39060,5.73640,4.61900,0.11220,1.33400,1.75130,51.39010,1.22750,4.62370,0.54110,0.75880,10.27110,0.363,0.2413
2024-06-30,783.67570,580.02970,203.64610,26.23210,97.54850,18.19440,124.29200,79.35400,-36.16970,43.18440,6.06480,37.11960,37.11960,,35.29280,150.81650,79.35400,318.63020,318.83810,0.10960,0.10960,0.88930,0.40180,0.75130,25.98600,10.12590,10.12590,5.51050,4.50350,0.10660,1.25050,1.68310,53.47130,1.15230,4.55770,0.50510,0.68930,10.10330,-0.02960,-0.23790
2024-03-31,775.51710,595.34450,180.17250,28.19610,78.75620,-430.96130,578.65750,-398.48510,-37.47000,-435.95560,-59.75280,-376.20280,-376.20280,17.18510,-358.94440,-325.24970,-398.48530,318.19200,318.19200,-1.11940,-1.11200,0.85080,0.39130,0.72120,23.23260,-51.38320,-51.38320,-56.21480,-46.28450,0.10640,1.40010,1.58510,56.77920,-11.79500,-49.23750,-5.16050,-7.18010,10.02010,0.5113,0.2917
2023-12-31,803.80080,581.57140,222.22940,27.98060,103.47700,15.78960,132.92630,89.30300,-38.48260,50.82050,6.02210,44.79840,44.79840,-1.39540,41.49360,157.21890,89.30300,318.30000,319.10000,0.12480,0.12480,0.90300,0.35630,0.68410,27.64730,11.11010,11.11010,6.32250,5.16220,0.10450,1.31760,1.75650,51.23710,1.29010,6.79290,0.58250,0.83050,10.90930,0.5087,0.3113
2023-09-30,811.25900,585.35860,225.90040,25.78740,110.45350,13.56450,150.92330,74.97710,-35.77440,39.20280,-6.33510,45.53780,45.53780,,43.52550,143.08680,74.97710,324.44400,324.44400,0.13420,0.13420,0.94080,0.38410,0.71880,27.84570,9.24210,9.24210,4.83230,5.36520,0.10300,1.19760,1.54810,58.13410,1.29560,9.13030,0.57830,0.79790,11.04330,0.4157,0.2772
2023-06-30,784.26270,556.73430,227.52840,29.08260,103.90890,13.38840,130.76000,96.76840,-40.23960,56.52880,6.09920,50.42960,50.42960,,48.57010,165.34670,96.76840,317.99400,318.80900,0.15620,0.14880,1.03180,0.40440,0.73070,29.01180,12.33880,12.33880,7.20790,6.19310,0.10220,1.14890,1.65580,54.35510,1.47980,11.38730,0.65700,0.88130,10.71270,-0.11500,-0.31850
2023-03-31,935.67220,665.09800,270.57420,29.44490,110.79830,22.47210,128.64860,141.92550,-38.45750,103.46820,25.39240,78.07580,78.07580,,75.46230,214.41040,141.92560,317.66100,318.41700,0.23010,0.23010,0.99480,0.39810,0.71740,28.91760,15.16830,15.16830,11.05820,8.06500,0.11850,1.50700,1.86270,48.31650,2.24900,19.17980,0.98890,1.35360,10.91990,0.4426,0.2834
2022-12-31,752.26720,532.55180,219.71540,22.26650,101.82110,15.55700,112.14340,107.57200,-35.98020,71.59180,12.60780,58.98400,58.98400,,57.58310,167.92160,107.57200,317.85500,318.30200,0.18430,0.18430,0.97250,0.40590,0.74760,29.20710,14.29970,14.29970,9.51680,7.65460,0.09930,1.20620,1.51470,59.41780,1.79580,19.29110,0.77880,1.06690,10.33330,0.587,0.4538
2022-09-30,760.98990,551.35750,209.63230,24.67160,98.07360,8.65810,131.40330,78.22910,-31.64410,46.58500,11.10990,35.47510,35.47510,,34.09590,139.58490,78.22910,317.85700,317.85700,0.10730,0.10730,1.02740,0.42220,0.80700,27.54730,10.27990,10.27990,6.12160,4.48050,0.09830,1.27070,1.43380,62.76980,1.07240,17.82820,0.45840,0.61960,10.40760,0.3409,0.1802
2022-06-30,730.86720,548.48320,182.38400,31.87220,113.62780,10.80680,151.52990,30.85410,-28.34820,2.50590,-0.39160,2.89750,2.89750,,1.33130,95.53820,30.85410,317.09300,318.17900,0.00780,0.00780,1.05760,0.41960,0.78610,24.95450,4.22160,4.22160,0.34290,0.18210,0.09570,1.27250,1.33160,67.58920,0.08910,1.31390,0.03790,0.05170,10.24050,-0.40020,-0.57220
2022-03-31,755.88980,540.92140,214.96840,27.69530,113.73600,28.78630,141.53890,73.42960,-25.72340,47.70610,2.74970,44.95640,44.95640,,43.35550,138.93590,73.42950,311.01600,312.90100,0.13750,0.13550,1.02740,0.40700,0.75190,28.43910,9.71430,9.71430,6.31120,5.73570,0.09890,1.30440,1.60560,56.05360,1.37890,19.41110,0.58830,0.81770,10.28410,0.5399,0.3389
2021-12-31,673.52830,481.08030,192.44800,25.15710,93.24800,15.39580,140.46720,51.98080,-27.37920,24.60160,2.06340,22.53820,22.53820,,20.79230,115.26970,51.98080,316.89700,318.72100,0.06350,0.06350,1.17960,0.39110,0.69730,28.57310,7.71770,7.71770,3.65260,3.08710,0.09210,1.10840,1.49240,60.30750,0.70740,4.84970,0.30820,0.43080,10.05070,0.7712,0.5805
2021-09-30,647.35660,466.55110,180.80550,24.38810,96.99620,12.63100,149.66500,31.14050,-27.80400,3.33650,-10.32720,13.66370,13.66370,,11.12160,92.17260,31.14050,316.51700,318.67400,0.03180,0.03180,1.26610,0.39430,0.70440,27.92980,4.81040,4.81040,0.51540,1.71800,0.08900,1.09240,1.33110,67.61320,0.42800,2.92770,0.18790,0.25920,10.07730,0.1106,0.0281
2021-06-30,612.84830,438.77240,174.07600,19.13370,86.22380,11.39880,103.89180,70.18410,-23.28610,46.89790,8.38630,38.51170,38.51170,,37.77890,128.07370,70.18410,293.60200,295.78700,0.13030,0.13030,1.29970,0.39600,0.73590,28.40440,11.45210,11.45210,7.65250,6.16450,0.08830,0.96420,1.31000,68.70470,1.45610,4.00440,0.55510,0.87940,8.98720,-0.35540,-0.55380
2021-03-31,694.91090,512.10390,182.80700,17.61830,87.54800,-1.52890,151.33870,31.46830,-25.46420,6.00410,-3.72010,9.72420,9.72420,,10.47470,88.64980,31.46830,272.01000,272.01000,0.05100,0.05100,1.28300,0.39930,0.73620,26.30660,4.52840,4.52840,0.86400,1.50730,0.10480,1.04310,1.64200,54.81140,0.39940,1.10890,0.14670,0.23990,8.30050,0.478,0.3475
2020-12-31,638.86700,463.18620,175.68080,28.01380,80.81780,7.75180,112.05510,63.62570,-25.55780,38.06800,-0.07680,38.14480,38.14480,,37.45400,127.13000,63.62570,271.11100,271.11100,0.13820,0.13820,1.24230,0.42960,0.85660,27.49880,9.95920,9.95920,5.95870,5.86260,0.10700,0.87310,1.55100,58.02860,1.73720,6.16630,0.63890,0.99080,7.76540,0.667,0.6054
2020-09-30,529.01830,385.63460,143.38370,19.21790,66.21170,1.57650,122.21390,21.16980,-26.42460,-5.25490,-0.75070,-4.50420,-4.50420,,-3.90360,80.87260,21.16980,260.24300,260.24300,-0.01500,-0.01500,1.11610,0.50410,1.13470,27.10370,4.00170,4.00170,-0.99330,-0.73790,0.09470,0.72190,1.21900,73.83140,-0.25540,-1.50640,-0.08060,-0.12670,6.63430,0.1187,0.0728
2020-06-30,397.18580,319.26380,77.92200,14.50220,67.74890,-75.25250,157.50340,-79.58140,-25.32470,-104.90610,-25.54110,-79.36500,-79.36500,,-79.79790,-17.82100,-79.58140,263.33300,263.33300,-0.30300,-0.30300,1.16610,0.52170,1.20680,19.61850,-20.03630,-20.03630,-26.41240,-20.09080,0.07230,0.65980,1.00160,89.85290,-4.70230,-30.18660,-1.44560,-2.24900,6.35060,-0.24220,-0.29150
2020-03-31,727.37660,495.16320,232.21330,26.93670,80.30560,-16.03100,123.27350,108.93990,-28.66830,80.27190,20.07640,60.19550,60.19550,,58.17900,166.59480,108.94010,265.95100,267.59500,0.21550,0.20800,1.36190,0.54640,1.33110,31.92480,14.97710,14.97710,11.03580,7.99850,0.11400,1.06890,1.62200,55.48760,3.10550,15.34470,0.94380,1.40860,7.29750,0.6751,0.4506
2019-12-31,699.82830,478.92960,220.89870,25.46210,89.64770,11.59430,103.51550,117.38320,-27.81130,89.57200,13.94350,75.62840,75.62840,,74.03710,176.29410,117.38320,264.41800,264.41800,0.28000,0.28000,1.16690,0.50160,1.06010,31.56470,16.77320,16.77320,12.79910,10.57930,0.12400,1.04050,1.66850,53.94150,4.08030,23.12860,1.34060,2.03350,6.97140,0.9233,0.7767
2019-09-30,679.41570,500.09180,179.32390,27.12210,74.24480,16.59140,84.77540,94.54850,-25.98570,68.56280,11.74280,56.82000,56.82000,,55.91090,152.40210,94.54850,263.57140,263.57140,0.21210,0.21210,1.18160,0.50860,1.13820,26.39380,13.91610,13.91610,10.09140,8.22930,0.12250,1.14300,1.56920,57.35390,3.18970,23.21980,1.02450,1.56730,6.69940,0.1006,-0.0755
2019-06-30,617.30110,435.08660,182.21450,23.85160,84.71440,9.27150,99.29460,82.92000,-26.09470,56.82520,9.72010,47.10510,47.10510,,45.98360,138.10030,82.92000,265.80000,267.60000,0.17200,0.17200,1.19930,0.50720,1.11710,29.51790,13.43270,13.43270,9.20540,7.44910,0.11140,0.98590,1.43330,62.79070,2.66260,18.66110,0.84990,1.31200,6.64460,-0.16760,-0.41520
2019-03-31,771.66530,554.36100,217.30440,7.22150,92.84270,11.65530,88.40890,128.89540,-19.42160,109.47380,14.59700,94.87680,94.87680,,92.54190,171.81050,128.89530,266.58000,267.97400,0.34810,0.34050,1.11820,0.46140,0.97320,28.16040,16.70350,16.70350,14.18670,11.99250,0.14130,1.35480,1.91220,47.06700,5.16640,32.58580,1.73760,2.78290,6.91820,0.479,0.2035
2018-12-31,617.20440,440.80630,176.39810,23.51470,76.66850,9.22440,90.95880,85.43930,-14.59270,70.84660,10.73660,60.11000,60.11000,,58.67340,117.43370,85.43930,266.07400,267.48200,0.21930,0.21930,1.09760,0.32040,0.58670,28.58020,13.84300,13.84300,11.47860,9.50630,0.12970,0.96490,1.27310,70.69460,3.35610,7.56570,1.26300,2.28080,6.75820,0.6127,0.4406
2018-09-30,569.30450,415.07640,154.22810,22.27310,67.27870,10.86870,78.68310,75.54500,-15.23150,60.31350,11.63410,48.67940,48.67940,,46.45980,111.20080,75.54500,267.43900,269.21200,0.17600,0.17600,1.34980,0.33880,0.57320,27.09060,13.26970,13.26970,10.59430,8.16080,0.12760,0.94400,1.38980,64.75940,2.78630,5.39760,1.09100,1.84230,6.55390,0.5053,0.3921
2018-06-30,559.55000,390.05750,169.49250,24.25750,79.59250,10.69500,93.15500,76.33750,-12.40000,63.93750,8.44750,55.49000,55.49000,,53.78500,108.19000,76.33750,266.92000,266.92000,0.20150,0.20150,1.41590,0.33990,0.57490,30.29090,13.64270,13.64270,11.42660,9.61220,0.12470,0.92230,1.37130,65.63020,3.09210,5.66100,1.23640,2.04100,6.70070,-0.08880,-0.23630
2018-03-31,618.45830,412.22530,206.23300,18.23690,89.08680,12.05630,95.26730,110.96570,-18.95150,92.01400,10.94350,81.07050,81.07060,,78.48280,140.45850,110.96580,268.23500,269.45500,0.28880,0.28880,1.56050,0.33810,0.54040,33.34630,17.94230,17.94230,14.87800,12.69010,0.13860,1.40780,1.30140,69.15550,4.39070,7.92600,1.81690,2.90630,6.89630,0.3881,0.2184
2017-12-31,554.29240,384.55800,169.73430,23.44960,77.58830,20.06600,80.97210,88.76230,-13.29860,75.46370,-18.88560,94.34930,94.34930,,92.77550,123.58010,88.76230,267.98200,267.98200,0.34620,0.34620,1.52240,0.35200,0.57260,30.62180,16.01360,16.01360,13.61440,16.73770,0.12860,1.32050,1.19430,75.35780,5.48570,10.40530,2.18890,3.55470,6.43090,0.5508,0.4058
2017-09-30,515.44340,365.43820,150.00520,23.93700,59.92230,21.06460,62.79480,87.21050,-13.96330,73.24720,19.78790,53.45930,53.45930,0.00000,52.02310,122.39680,87.21050,271.66100,271.66100,0.19150,0.19150,1.68520,0.35530,0.57800,29.10220,16.91950,16.91950,14.21050,10.09290,0.12440,1.18410,1.17650,76.50000,3.17280,5.60290,1.29030,2.04550,6.28020,0.2817,0.2151
2017-06-30,519.77190,361.58690,158.18500,24.02150,70.50280,9.07310,85.45120,72.73390,-13.23790,59.49600,10.85800,48.63800,48.63800,,47.44810,103.37430,72.73390,268.60000,269.80000,0.18000,0.18000,1.57570,0.35820,0.58660,30.43350,13.99340,13.99340,11.44660,9.12860,0.13180,1.21010,1.26870,70.94150,3.07720,5.51340,1.23330,1.97490,5.87480,-0.05290,-0.19100
2017-03-31,555.99800,378.05770,177.94040,23.72820,83.00250,20.45160,101.45970,76.48070,-12.28480,64.19580,11.36920,52.82660,52.82660,-0.52980,50.46180,108.05000,76.48070,268.69400,269.59700,0.19710,0.18950,1.50690,0.36640,0.61070,32.00380,13.75560,13.75560,11.54610,9.07590,0.13630,1.19210,1.27150,70.78190,3.33230,6.09890,1.29500,2.11130,5.90660,0.5707,0.3267
2016-12-31,511.41060,362.11490,149.29570,21.57410,67.41900,15.65620,75.43440,73.86130,-13.85840,60.00290,8.24010,51.76280,51.76280,0.14980,50.78900,99.24170,73.86130,269.30000,269.60000,0.18700,0.18700,1.55810,0.37570,0.63750,29.19290,14.44270,14.44270,11.73280,9.93120,0.13200,1.15070,1.26260,71.28020,3.41150,6.34880,1.33640,2.12980,5.65330,0.4265,0.3111
2016-09-30,487.23790,343.94160,143.29620,19.85750,64.63280,6.97700,84.87370,58.42250,-13.72390,44.69860,7.28370,37.41500,37.41500,0.07670,37.10830,84.08820,58.42250,268.70000,269.60000,0.13800,0.13800,1.56840,0.38450,0.65840,29.40990,11.99060,11.99060,9.17390,7.61610,0.12430,1.12040,1.10200,81.67270,2.50060,4.82930,0.95460,1.53920,5.57020,0.1588,-0.0213
2016-06-30,505.64160,358.20160,147.44000,19.40000,62.54560,5.97520,78.37600,69.06400,-15.28720,53.77680,-0.07760,53.85440,53.85440,-0.07760,53.23360,96.22400,69.06400,269.26800,269.57400,0.19400,0.19400,1.56540,0.38170,0.65430,29.15900,13.65870,13.65870,10.63540,10.52790,0.13070,1.34850,1.20690,74.57180,3.64210,7.17830,1.39230,2.25200,5.49490,0.15600,-0.02250
2016-03-31,532.71080,377.17080,155.54000,19.48810,65.45870,,68.56960,86.97050,-26.42390,60.35760,14.40560,45.95200,46.34400,-1.80250,43.48360,124.66890,86.97050,270.23530,270.23530,0.14940,0.14940,1.46670,0.37290,0.66880,29.15680,16.32600,16.32600,11.33030,8.16270,0.13950,1.77390,1.30450,68.99090,3.12630,5.99940,1.21400,1.96060,5.49780,0.1586,0.007
2015-12-31,461.86450,335.58800,126.27640,14.98830,61.07730,14.68850,62.87600,63.40050,-14.23890,49.16160,6.37000,42.79160,42.79160,-0.14990,43.24130,80.09560,63.40050,269.30970,269.74180,0.16000,0.16000,1.42760,0.38360,0.71510,27.34060,13.72710,13.72710,10.64420,9.36230,0.11940,1.67090,1.13140,79.54410,2.93500,5.58760,1.10640,1.80920,5.40160,0.5878,0.4477
2015-09-30,472.09900,350.33000,121.76900,15.54000,53.05000,,68.59000,53.17900,-8.50000,44.78000,-13.16000,57.94000,57.63500,-4.97500,52.66000,91.65900,53.17900,264.61500,264.61500,0.20000,0.20000,1.40330,0.39050,0.70600,25.81660,11.26440,11.26440,9.48530,11.15440,0.12460,0.73620,1.24900,72.05540,4.04520,7.95190,1.52090,2.46570,,0.3757,0.312
2015-06-30,452.95200,324.87000,128.08200,16.91000,58.40000,,75.31000,52.77200,-8.29000,44.57000,7.97000,36.60000,36.51300,-0.40700,36.10600,93.52200,52.77200,261.17700,261.17700,0.14000,0.14000,1.53190,0.40370,0.74190,28.30100,11.65070,11.65070,9.83990,7.97130,0.12020,0.67430,1.07400,83.79830,2.57930,4.98830,0.96920,1.53790,,-0.14450,-0.21770
2015-03-31,510.27000,357.14000,153.13000,15.70000,3.89000,,19.59000,133.53990,-55.96000,71.10000,16.58000,54.52000,51.14000,0.64600,51.78600,143.46000,133.53990,267.08300,267.08300,0.19000,0.19000,1.50370,0.42730,0.81190,28.73770,26.17050,26.17050,13.93380,10.14870,0.12430,1.70780,1.13110,79.56550,3.48770,7.08390,1.24610,1.99740,,0.5163,0.2832
2014-12-31,446.63100,371.59000,75.04100,12.32000,64.15000,,76.47000,-1.42900,0.46000,58.98000,11.86000,47.12000,41.54000,0.71900,42.25900,41.31100,-1.42900,264.50000,264.50000,0.16000,0.16000,1.54120,0.43050,0.78890,30.22630,-0.31990,-0.31990,13.20550,9.46170,0.11210,0.77320,0.95640,94.10450,2.92770,6.16020,1.04300,1.66730,,0.3133,0.2146
2014-09-30,465.58100,361.50000,104.08100,15.26000,55.62000,,70.88000,33.20100,-4.23000,50.10000,11.86000,38.24000,36.93700,0.79100,37.72800,76.34100,33.20100,268.12500,268.12500,0.14000,0.14000,1.58420,0.44900,0.84900,26.89540,7.13110,7.13110,10.76080,8.10340,0.11800,0.72630,1.13800,79.08760,2.67250,5.89510,0.93580,1.47260,,0.0468,-0.0697
2014-06-30,481.09900,357.31000,123.78900,13.20000,58.58000,,71.78000,52.00900,-2.75000,50.61000,10.63000,39.98000,38.40000,-0.18300,38.21700,92.52900,52.00900,261.25000,261.25000,0.15000,0.15000,1.53080,0.43450,0.80170,26.01340,10.81050,10.81050,10.51970,7.94370,0.12520,0.74540,1.16160,77.47760,2.83950,6.32340,0.99910,1.60570,,0.00980,-0.12950
2014-03-31,535.19900,380.52000,154.67900,18.22000,69.76000,,87.98000,66.69900,0.24000,64.47000,9.37000,55.10000,55.04300,0.00000,55.04300,109.46900,66.69900,260.87000,260.87000,0.21000,0.21000,1.40050,0.42990,0.78830,28.43800,12.46250,12.46250,12.04600,10.28460,0.13290,0.84120,1.24050,72.55000,3.90700,9.47010,1.36690,2.22720,,0.4408,0.2391
2013-12-31,465.25000,347.87000,117.38000,15.35000,65.41000,,80.76000,36.62000,-4.96000,56.16000,10.77000,45.39000,41.76000,0.00000,41.76000,75.48000,36.62000,256.11100,256.11100,0.16000,0.16000,1.43280,0.44380,0.82930,30.49760,7.87100,7.87100,12.07090,8.97580,0.12250,0.79240,1.19700,75.18800,3.15030,7.96640,1.09910,1.75230,,0.0571,-0.0773
2013-09-30,464.99800,340.14000,124.85800,14.34000,64.10000,,78.44000,46.41800,-5.77000,44.85000,8.08000,36.77000,36.53200,0.00000,36.53200,84.79800,46.41800,255.33000,255.33000,0.14000,0.14000,1.40940,0.45170,0.85600,27.75710,9.98240,9.98240,9.64520,7.85640,0.12660,0.80260,1.19230,75.48420,2.96090,8.13610,0.99500,1.62360,,0.4437,0.3712
2013-06-30,509.77300,374.32000,135.45300,17.10000,73.61000,,90.71000,44.74300,-8.80000,44.67000,0.29000,44.38000,43.82700,0.00000,43.82700,83.55300,44.74300,253.33500,253.33500,0.17000,0.17000,1.44570,0.47420,0.93620,28.28510,8.77700,8.77700,8.76270,8.59740,0.13590,0.82740,1.24220,72.45400,3.62860,10.67880,1.16810,1.90790,,0.06400,-0.04480
2013-03-31,577.02400,417.34000,159.68400,18.01000,30.94000,,48.95000,110.73400,-64.58000,52.88000,6.90000,45.98000,42.99000,0.00000,42.99000,153.38400,110.73400,257.42500,257.42500,0.17000,0.17000,1.33010,0.49160,1.06650,28.83760,19.19050,19.19050,9.16430,7.45030,0.14890,0.96260,1.44550,62.26120,3.79240,12.83170,1.10930,1.92810,,0.4887,0.3814
2012-12-31,520.56400,374.23000,146.33400,14.12000,61.95000,,76.07000,70.26400,-29.16000,47.32000,9.48000,37.84000,37.68900,0.00000,37.68900,110.85400,70.26400,252.00000,252.00000,0.15000,0.15000,1.33850,0.50220,1.15160,29.30670,13.49770,13.49770,9.09010,7.24000,0.13530,0.87640,1.35490,66.42760,3.38590,11.69090,0.97950,1.68550,,0.4128,0.2958
2012-09-30,518.27300,372.06000,146.21300,14.56000,77.44000,,92.00000,54.21300,-3.11000,49.52000,12.55000,36.97000,37.07700,0.00000,37.07700,93.28300,54.21300,262.77200,262.77200,0.14000,0.14000,1.24270,0.49410,1.19170,27.90810,10.46030,10.46030,9.55480,7.15400,0.14160,0.85460,1.42100,63.33670,3.59300,12.81120,1.01270,1.81770,,0.166,-0.0069
2012-06-30,481.72800,317.98000,163.74800,13.86000,99.35000,,113.21000,50.53800,-16.74000,27.63000,6.14000,21.49000,21.37200,0.00000,21.37200,85.39800,50.53800,266.25000,266.25000,0.08000,0.08000,1.21330,0.49000,1.18760,32.71560,10.49100,10.49100,5.73560,4.43650,0.13160,0.74460,1.26120,71.36250,2.05280,7.08290,0.58390,1.04700,,-0.27530,-0.44830
2012-03-31,498.53900,326.44000,172.09900,14.65000,69.66000,,84.31000,87.78900,-10.63000,70.25000,18.00000,52.25000,52.34300,0.00000,52.34300,121.18900,87.78900,253.33300,253.33300,0.21000,0.21000,1.29960,0.39680,0.78830,33.12880,17.60930,17.60930,14.09120,10.49930,0.15530,0.81190,1.60370,56.11880,4.98260,10.20190,1.63110,3.00540,,0.4841,0.3331
2011-12-31,453.96500,303.80000,150.16500,16.69000,63.25000,,79.94000,70.22500,-12.75000,62.03000,15.38000,46.65000,45.68700,0.00000,45.68700,103.17500,70.22500,253.33300,253.33300,0.18000,0.18000,1.27920,0.40480,0.82600,34.08410,15.46930,15.46930,13.66410,10.06400,0.14520,0.75640,1.43410,62.75700,4.46280,9.38170,1.46110,2.65630,,0.2825,0.11
2011-09-30,424.92900,302.77000,122.15900,16.26000,61.16000,,77.42000,44.73900,-13.09000,50.12000,10.53000,39.59000,37.93500,0.00000,37.93500,75.42900,44.73900,258.06100,258.06100,0.15000,0.15000,1.27410,0.42030,0.85170,33.09730,10.52860,10.52860,11.79490,8.92740,0.13480,0.76310,1.34830,66.74880,3.73410,8.17210,1.20300,2.16450,,0.5187,0.3767
2011-06-30,431.65300,297.95000,133.70300,15.70000,64.38000,,80.08000,53.62300,-5.16000,59.01000,14.05000,44.96000,43.88200,0.00000,43.88200,83.38300,53.62300,255.86900,255.86900,0.17000,0.17000,1.25140,0.35650,0.72870,33.42270,12.42270,12.42270,13.67070,10.16600,0.14870,0.73470,1.30970,68.71770,4.41150,7.30430,1.51130,2.83860,,-0.35460,-0.41160
2011-03-31,477.62100,,477.62100,0.00000,,,,477.62100,-6.92000,63.22000,13.15000,50.07000,51.11500,0.00000,51.11500,480.95100,477.62100,256.90000,258.00000,0.20000,0.20000,1.33990,0.25900,0.37380,,100.00000,100.00000,13.23640,10.70200,0.16980,,1.63470,55.05470,4.09180,5.82240,1.81750,3.03180,,0.7255,0.5859
2010-12-31,415.08400,,415.08400,0.00000,,,,415.08400,-8.29000,55.67000,15.49000,40.18000,41.07400,0.00000,41.07400,450.15400,415.08400,256.80000,257.50000,0.16000,0.16000,1.41140,0.26430,0.38600,,100.00000,100.00000,13.41170,9.89530,0.15610,,1.59880,56.29390,3.37280,4.59990,1.54450,2.48130,,0.1256,0.0293
2010-09-30,385.47100,,385.47100,0.00000,,,,385.47100,-7.31000,52.24000,13.75000,38.49000,39.88300,0.00000,39.88300,398.20100,385.47100,256.60000,256.90000,0.16000,0.16000,1.31920,0.26160,0.39430,,100.00000,100.00000,13.55230,10.34660,0.14830,,1.49880,60.04890,3.35570,4.56940,1.53420,2.47790,,0.259,0.147
2010-06-30,354.71300,,354.71300,0.00000,,,,354.71300,-6.71000,53.83000,15.47000,38.36000,38.11200,0.00000,38.11200,377.19300,354.71300,256.50000,256.60000,0.15000,0.15000,1.29340,0.27130,0.41740,,100.00000,100.00000,15.17570,10.74450,0.13870,,1.39660,64.44140,3.28660,4.50510,1.48980,2.39480,,-0.16800,-0.25260
2010-03-31,395.74600,,395.74600,0.00000,,,,395.74600,-11.21000,62.78000,18.50000,44.28000,40.48400,0.00000,40.48400,411.42600,395.74600,256.40000,256.40000,0.16000,0.16000,1.29860,0.27640,0.42630,,100.00000,100.00000,15.86370,10.22980,0.15710,,1.73400,51.90380,3.64480,4.85050,1.60670,2.63720,,0.5635,0.3779
2009-12-31,357.48700,,357.48700,0.00000,,,,357.48700,-9.82000,51.26000,15.60000,35.66000,35.19800,0.00000,35.19800,385.79700,357.48700,255.90000,255.90000,0.14000,0.14000,1.24020,0.27430,0.43180,,100.00000,100.00000,14.33900,9.84600,0.14420,,1.36740,65.81950,3.17720,4.17770,1.42030,2.30550,,0.0935,-0.0012
2009-09-30,345.18900,,345.18900,0.00000,,,,345.18900,-7.73000,48.97000,13.38000,35.59000,37.02800,0.00000,37.02800,364.51900,345.18900,255.60000,255.60000,0.14000,0.14000,1.23810,0.28100,0.44240,,100.00000,100.00000,14.18640,10.72690,0.14490,,1.33090,67.62470,3.49450,4.50110,1.55480,2.51250,,0.4105,0.3152
2009-06-30,349.95900,,349.95900,0.00000,,,,349.95900,-28.99000,33.03000,9.69000,23.34000,24.85300,0.00000,24.85300,369.94900,349.95900,255.40000,255.40000,0.10000,0.10000,1.22240,0.29160,0.45060,,100.00000,100.00000,9.43820,7.10170,0.15420,,1.36010,66.17320,2.44570,3.12680,1.09490,1.73250,,-0.06680,-0.14880
2009-03-31,377.48600,,377.48600,0.00000,,,,377.48600,-4.22000,59.66000,17.57000,42.09000,44.13200,0.00000,44.13200,397.72600,377.48600,254.90000,254.90000,0.17000,0.17000,1.01030,0.22740,0.39850,,100.00000,100.00000,15.80460,11.69100,0.15730,,1.30530,68.94850,4.08270,5.07780,1.83850,3.15420,,0.688,-0.0288
