Date,revenue,cost-goods-sold,gross-profit,research-development-expenses,selling-general-administrative-expenses,other-operating-income-expenses,operating-expenses,operating-income,total-non-operating-income-expense,pre-tax-income,total-provision-income-taxes,income-after-taxes,income-from-continuous-operations,net-income,ebitda,ebit,basic-shares-outstanding,shares-outstanding,eps-basic-net-earnings-per-share,eps-earnings-per-share-diluted,current-ratio,long-term-debt-capital,debt-equity-ratio,gross-margin,operating-margin,ebit-margin,pre-tax-profit-margin,net-profit-margin,asset-turnover,receiveable-turnover,days-sales-in-receivables,roe,return-on-tangible-equity,roa,roi,book-value-per-share,operating-cash-flow-per-share,free-cash-flow-per-share
2024-09-30,3.84080,3.31460,0.52630,0.20300,6.92150,11.61940,-4.49500,5.02130,4.18990,9.21120,-0.46150,9.67270,9.67270,9.67270,5.02130,5.02130,103.48700,113.91200,0.09000,0.09000,7.83030,0.00010,0.00230,13.70190,130.73410,130.73410,239.82170,251.83860,0.00600,0.33200,271.10710,1.70910,1.72990,1.49930,1.70890,,0,0
2024-06-30,6.20320,3.65000,2.55320,0.22990,5.93850,10.07920,-3.91080,6.46400,4.32030,10.78430,-1.05280,11.83710,11.83710,11.83710,6.46400,6.46400,104.04200,113.65600,0.11000,0.10000,7.02020,0.00020,0.00230,41.15870,104.20430,104.20430,173.85150,190.82380,0.00990,0.33820,266.13870,2.17940,2.20620,1.88460,2.17910,,0,0
2024-03-31,8.92240,4.02460,4.89780,0.15210,5.74380,11.26790,-5.37200,10.26980,3.86650,14.13630,1.66770,12.46860,12.46860,12.46860,10.26980,10.26980,105.52100,112.78700,0.12000,0.11000,5.83690,0.00020,0.00960,54.89330,115.10120,115.10120,158.43590,139.74430,0.01410,0.24820,362.58860,2.33430,2.36380,1.96550,2.33390,,0.00000,
2023-12-31,19.08340,16.29180,2.79160,1.03500,7.10870,0.68070,7.46300,-4.67140,4.04940,-0.62200,14.44940,-15.07140,-15.07140,-15.07140,-4.67140,-4.67140,121.52450,121.52450,-0.11000,-0.10000,4.99400,0.00020,0.01270,14.62850,-24.47890,-24.47890,-3.25950,-78.97660,0.02910,0.45960,195.80440,-2.80340,-2.83940,-2.30190,-2.80290,4.93590,1.1892,1.1879
2023-09-30,48.47010,41.75410,6.71600,0.95820,6.10430,-11.68510,18.74760,-12.03150,6.51630,-5.51530,1.21260,-6.72790,-6.72790,-6.72790,-12.03150,-12.03150,109.58800,109.58800,-0.06000,-0.06000,4.13220,0.00040,0.02470,13.85600,-24.82260,-24.82260,-11.37870,-13.88050,0.07060,0.82270,109.39330,-1.24100,-1.25620,-0.98000,-1.24060,,0,0
2023-06-30,93.14610,84.92670,8.21930,1.06850,6.75570,-1.62660,9.45090,-1.23150,4.21960,2.98810,-2.00780,4.99590,4.99590,4.99590,-1.23150,-1.23150,133.05300,138.36700,0.04000,0.04000,2.83670,0.00070,0.09050,8.82410,-1.32210,-1.32210,3.20790,5.36350,0.11990,0.85270,105.55120,0.90720,0.95420,0.64320,0.90660,,0,0
2023-03-31,79.01060,69.96880,9.04180,1.17980,7.62150,7.30630,1.49500,7.54680,3.43120,10.97800,-0.49110,11.46910,11.46910,11.46910,7.54680,7.54680,134.76900,140.23100,0.09000,0.08000,2.14050,0.01240,0.19400,11.44380,9.55170,9.55170,13.89430,14.51590,0.08050,0.50030,179.90170,1.92070,2.01750,1.16810,1.89680,,0.00000,
2022-12-31,61.16440,61.61910,-0.45470,1.02870,10.66570,-15.43700,27.13140,-27.58610,3.28480,-24.30130,54.34230,-78.64360,-78.64360,-78.64360,-27.58610,-27.58610,137.04250,137.04250,-0.59000,-0.59000,2.16140,0.01730,0.23140,-0.74340,-45.10160,-45.10160,-39.73110,-128.57750,0.06010,0.37000,243.22700,-12.55050,-13.14980,-7.73090,-12.33400,4.64880,-0.6003,-0.605
2022-09-30,58.54360,54.64300,3.90050,1.43010,10.64190,-18.86720,30.93920,-27.03860,3.18770,-23.85090,-5.53010,-18.32080,-18.32080,-18.32080,-27.03860,-27.03860,136.44280,136.44280,-0.13000,-0.13000,2.80020,0.02090,0.18070,6.66260,-46.18550,-46.18550,-40.74050,-31.29430,0.04960,0.34620,259.93660,-2.21130,-2.28720,-1.55370,-2.16510,,0,0
2022-06-30,43.17520,40.70730,2.46780,1.91960,24.85310,-28.56690,55.33960,-52.87170,1.57660,-51.29510,-8.62850,-42.66660,-42.66660,-42.66660,-52.87170,-52.87170,137.61300,137.61300,-0.31000,-0.31000,2.55080,0.04460,0.23600,5.71580,-122.45860,-122.45860,-118.80690,-98.82200,0.03310,0.20230,444.88080,-4.87110,-5.03800,-3.26950,-4.65410,,0,0
2022-03-31,124.25570,108.36860,15.88700,2.28510,16.52060,-26.90780,45.71350,-29.82650,2.48150,-27.34500,-5.86590,-21.47900,-21.47900,-21.47900,-29.82650,-29.82650,139.23000,139.23000,-0.15000,-0.15000,2.65410,0.06230,0.23220,12.78580,-24.00410,-24.00410,-22.00700,-17.28610,0.07940,0.50860,176.95030,-1.99000,-2.04830,-1.37210,-1.86610,,0.00000,
2021-12-31,172.99060,143.97400,29.01660,3.82700,26.05140,-23.13360,53.01190,-23.99530,40.93440,16.93910,-1.78410,18.72320,18.72320,18.72320,-23.99530,-23.99530,144.94650,144.94650,0.12000,0.14000,2.22600,0.06500,0.28670,16.77350,-13.87090,-13.87090,9.79190,10.82330,0.10070,0.64850,138.78850,1.70680,1.75570,1.08990,1.59580,7.84990,-0.4378,-0.4582
2021-09-30,124.25660,94.74940,29.50720,2.70410,17.20080,-15.65600,35.56090,-6.05370,-64.51520,-70.56900,-5.92330,-64.64570,-64.64570,-64.64560,-6.05370,-6.05370,144.47100,144.47100,-0.45000,-0.45000,2.23070,0.08410,0.37940,23.74700,-4.87200,-4.87200,-56.79300,-52.02590,0.07120,0.45340,198.50100,-5.99170,-6.16400,-3.70650,-5.48770,,0,0
2021-06-30,146.63230,108.07330,38.55900,2.42220,19.44430,-14.64240,36.50880,2.05020,95.05680,97.10700,10.72440,86.38260,86.38260,86.38260,2.05020,2.05020,144.82900,148.58000,0.60000,0.58000,2.49020,0.10150,0.36980,26.29640,1.39820,1.39820,66.22480,58.91100,0.08090,0.49350,182.36220,7.53210,7.73020,4.76640,6.76730,,0,0
2021-03-31,171.52340,117.37960,54.14380,2.07490,18.19870,-9.51970,29.79320,24.35050,-65.89620,-41.54570,0.25530,-41.80100,-41.80100,-41.80100,24.35050,24.35050,149.21900,149.21900,-0.28000,-0.28000,2.29290,0.10560,0.34330,31.56640,14.19660,14.19660,-24.22160,-24.37040,0.09990,0.52340,171.94930,-3.95050,-4.06170,-2.43460,-3.53320,,0.00000,
2020-12-31,176.95630,114.30730,62.64900,3.90950,26.96840,-0.75320,31.63110,31.01790,243.39580,274.41370,23.05820,251.35550,251.35550,251.31000,31.01790,31.01780,150.24240,151.95030,1.67000,1.64000,3.62150,0.10450,0.30590,35.40370,17.52850,17.52850,155.07430,142.01820,0.09510,0.52550,171.25770,19.58270,20.03720,13.50320,17.53550,8.56420,-0.627,-0.6323
2020-09-30,64.06120,26.63950,37.42170,2.08430,13.84590,-1.67930,17.60950,19.81230,271.49120,291.30350,30.70160,260.60190,260.60190,260.56420,19.81230,19.81230,149.70600,150.18600,1.74000,1.73000,2.18990,0.09250,0.34350,58.41560,30.92710,30.92710,454.72690,406.74260,0.04270,0.21530,418.06740,25.51430,26.23240,17.37170,23.15450,,0,0
2020-06-30,38.78990,14.55280,24.23710,1.82610,15.35410,2.37910,14.80110,9.43600,4.06460,13.50060,3.56010,9.94060,9.94060,9.94060,9.43600,9.43600,150.60550,150.81940,0.07000,0.07000,2.14510,0.05420,0.41540,62.48300,24.32590,24.32590,34.80450,25.62670,0.03420,0.16110,558.71200,1.33480,1.38470,0.87770,1.26240,,0,0
2020-03-31,34.74160,12.79480,21.94670,1.77330,14.57260,-17.08570,33.43170,-11.48500,5.94900,-5.53600,-0.63730,-4.89860,-4.89860,-5.41360,-11.48500,-11.48500,150.97300,151.76200,-0.04000,-0.04000,1.93220,0.08130,0.55180,63.17140,-33.05830,-33.05830,-15.93470,-15.58240,0.02690,0.13730,655.41630,-0.63240,-0.65510,-0.37950,-0.58100,,0.00000,
2019-12-31,56.31880,22.09540,34.22340,2.62900,16.99740,-3.31460,22.94100,11.28240,8.12370,19.40600,3.19830,16.20770,16.20770,15.00180,11.28240,11.28240,151.20850,151.64200,0.09000,0.09000,1.90460,0.05210,0.47430,60.76720,20.03310,20.03310,34.45750,26.63720,0.04490,0.21400,420.53710,2.05470,2.12820,1.29150,1.94770,5.22500,0.4006,0.3598
2019-09-30,49.14730,17.54640,31.60090,1.84410,13.97590,-3.22720,19.04720,12.55370,7.94530,20.49900,3.41210,17.08690,17.08690,16.45850,12.55370,12.55370,151.05800,151.05800,0.11000,0.11000,2.06310,0.04110,0.38650,64.29830,25.54300,25.54300,41.70920,33.48800,0.04460,0.21210,424.42000,2.27330,2.35180,1.55210,2.17990,,0,0
2019-06-30,48.98820,18.32830,30.65980,1.78380,14.26390,-2.33830,18.38610,12.27380,2.78900,15.06280,1.28470,13.77810,13.77810,13.33420,12.27380,12.27380,151.40500,151.40500,0.09000,0.09000,2.15730,0.05710,0.37870,62.58620,25.05460,25.05460,30.74780,27.21910,0.04440,0.20410,441.00860,1.82120,1.88610,1.24800,1.71720,,0,0
2019-03-31,52.39880,19.49080,32.90800,1.98890,16.43690,-4.15340,22.57910,10.32880,4.77420,15.10310,4.02140,11.08160,11.08160,11.35690,10.32880,10.32880,151.40500,151.40500,0.08000,0.08000,2.14950,0.05360,0.35840,62.80300,19.71200,19.71200,28.82340,21.67400,0.04580,0.22720,396.18710,1.40330,1.45230,0.96840,1.32800,,0.00000,
2018-12-31,41.84160,20.85910,20.98250,2.75470,13.16950,-1.60750,17.53170,3.45080,2.03510,5.48600,-0.52120,6.00720,6.00720,12.93160,3.45080,3.45080,139.57850,140.43700,0.04000,0.03000,3.03730,0.08250,0.30440,50.14740,8.24740,8.24740,13.11130,30.90610,0.03940,0.23670,380.30680,0.78590,0.80850,0.56570,0.72100,5.04850,0.1914,0.1765
2018-09-30,41.52170,16.53170,24.99010,1.57740,12.98750,0.66840,13.89640,11.09370,9.60080,20.69450,5.22220,15.47220,15.47220,15.98820,11.09370,11.09370,150.04950,150.04950,0.11000,0.11000,5.62090,0.10080,0.20350,60.18550,26.71770,26.71770,49.84010,38.50560,0.04280,0.33450,269.08240,2.04610,2.10560,1.59630,1.83990,,0,0
2018-06-30,35.70870,12.26840,23.44030,1.43290,10.32630,-0.82380,12.58300,10.85730,2.48590,13.34330,3.57820,9.76510,9.76510,8.68360,10.85730,10.85730,130.05300,131.66700,0.07000,0.07000,10.61550,-0.40060,-0.28600,65.64300,30.40530,30.40530,37.36700,24.31790,0.04380,2.64300,34.05190,-10.56160,-10.53380,1.19780,-14.79300,,0.0533,0.059
2018-03-31,39.66760,12.89030,26.77730,1.02860,9.81450,-1.08880,11.93190,14.84540,3.22770,18.07310,4.67730,13.39580,13.39580,6.42130,15.15400,14.84540,63.57500,126.41600,0.10000,0.10000,6.45120,-0.26360,-0.20860,67.50420,37.42440,37.42440,45.56140,16.18780,0.06630,1.96150,45.88400,-10.01650,-9.99630,2.23780,-12.65690,,-0.05330,-0.05900
2017-12-31,,,,,,,,,,,,,,,,,,,,0.00000,,,,,,,,,,,,,,,,,0,0
