Date,revenue,cost-goods-sold,gross-profit,research-development-expenses,selling-general-administrative-expenses,operating-expenses,operating-income,total-non-operating-income-expense,pre-tax-income,total-provision-income-taxes,income-after-taxes,income-from-continuous-operations,income-from-discontinued-operations,net-income,ebitda,ebit,basic-shares-outstanding,shares-outstanding,eps-basic-net-earnings-per-share,eps-earnings-per-share-diluted,current-ratio,long-term-debt-capital,debt-equity-ratio,gross-margin,operating-margin,ebit-margin,pre-tax-profit-margin,net-profit-margin,asset-turnover,receiveable-turnover,days-sales-in-receivables,roe,return-on-tangible-equity,roa,roi,book-value-per-share,operating-cash-flow-per-share,free-cash-flow-per-share
2024-09-30,87.75300,17.65800,70.09500,2.03400,29.63600,31.67000,38.42500,-11.17000,27.25500,6.13500,21.12000,21.12000,,21.12000,43.91300,38.42500,19.30000,19.44200,1.09000,1.09000,1.05330,1.18270,-6.57260,79.87760,43.78770,43.78770,31.05880,24.06760,0.14100,3.40040,26.46780,-22.66360,-4.35600,3.39280,4.14170,-4.82740,2.1095,1.7062
2024-06-30,87.50000,17.12200,70.37800,1.64300,28.85400,30.49700,39.88100,-7.40100,32.48000,8.60600,23.87400,23.87400,,23.87400,45.50200,39.88100,19.24900,19.28700,1.24000,1.24000,1.04410,1.24800,-5.16560,80.43200,45.57830,45.57830,37.12000,27.28460,0.14380,3.34920,26.87250,-19.18520,-4.64250,3.92370,4.75800,-6.44870,1.2569,0.8146
2024-03-31,88.14600,17.04800,71.09800,1.90500,31.52600,33.43100,37.66700,-1.37400,36.29300,9.92300,26.37000,26.37000,,26.36000,42.91300,37.66700,19.22000,19.23400,1.37000,1.37000,1.33050,1.29200,-4.42420,80.65940,42.73250,42.73250,41.17370,29.90490,0.14200,3.21450,27.99780,-17.36880,-4.85600,4.24780,5.07240,-7.89930,2.32340,1.85950
2023-12-31,87.75400,16.71200,71.04200,2.38100,33.18600,35.56700,35.47500,-11.69600,23.77900,7.00700,16.77200,16.77200,,16.82000,40.36500,35.47500,19.58200,19.60100,0.87000,0.87000,1.75460,1.32060,-4.16750,80.95590,40.42550,40.42550,27.09730,19.16720,0.13560,3.33130,27.01620,-9.52290,-2.94280,2.59130,3.05340,-9.15160,0.1175,-0.2808
2023-09-30,90.56200,16.85300,73.70900,1.67700,33.11700,34.79400,38.91500,-7.37100,31.54400,7.53700,24.00700,24.00700,,23.99500,43.80100,38.91500,19.62700,19.64800,1.22000,1.22000,2.26410,1.33440,-3.99090,81.39070,42.97060,42.97060,34.83140,26.49570,0.12820,3.04650,29.54250,-12.04640,-4.05980,3.39790,4.02770,-10.21890,3.0549,2.5428
2023-06-30,92.79200,17.24600,75.54600,1.76500,34.93900,36.70400,38.84200,-11.58800,27.25400,6.19600,21.05800,21.05800,,21.04300,43.69300,38.84200,19.65500,19.66200,1.07000,1.07000,2.39860,1.37660,-3.65530,81.41430,41.85920,41.85920,29.37110,22.67760,0.13910,3.01140,29.88680,-9.68420,-3.43860,3.15670,3.64710,-11.06650,0.7399,0.2199
2023-03-31,91.45400,17.50800,73.94600,1.90400,38.04500,39.94900,33.99700,-13.41000,20.58700,5.12900,15.45800,15.45800,,15.43700,38.83900,33.99700,19.84700,19.88500,0.78000,0.78000,1.81990,1.43480,-3.30000,80.85600,37.17390,37.17390,22.51080,16.87950,0.13790,3.08510,29.17270,-6.42180,-2.42840,2.33060,2.79210,-12.24370,1.90950,1.47970
2022-12-31,90.23200,15.84100,74.39100,1.70500,32.66100,34.36600,40.02500,-18.17400,21.85100,4.94900,16.90200,16.90200,,16.99700,44.46600,40.02500,19.86300,19.95400,0.84000,0.85000,1.91420,1.47390,-3.11000,82.44420,44.35790,44.35790,24.21650,18.83700,0.14230,3.21920,27.95690,-6.62150,-2.59630,2.66640,3.13810,-12.81690,-0.3251,-0.7711
2022-09-30,91.77700,15.41900,76.35800,3.23600,40.46500,43.70100,32.65700,-10.94900,21.70800,6.33800,15.37000,15.37000,,15.37000,36.94200,32.65700,19.79100,19.87300,0.78000,0.77000,1.46080,1.58330,-2.71450,83.19950,35.58300,35.58300,23.65300,16.74710,0.14650,2.95340,30.47330,-5.25870,-2.24940,2.45290,3.06720,-14.74070,1.8776,1.5062
2022-06-30,91.11500,15.58700,75.52800,2.74100,32.21000,34.95100,40.57700,-10.78200,29.79500,7.87400,21.92100,21.92100,,21.87800,44.87500,40.57700,19.92800,19.96800,1.10000,1.10000,1.35240,1.60610,-2.65000,82.89310,44.53380,44.53380,32.70040,24.01140,0.15080,3.04470,29.55980,-7.32610,-3.13610,3.62920,4.44020,-15.09140,0.1236,-0.2196
2022-03-31,89.29800,15.10400,74.19400,2.33600,33.19900,35.53500,38.65900,-13.10000,25.55900,7.03800,18.52100,18.52100,,18.46900,42.82600,38.65900,19.92100,20.03600,0.93000,0.92000,1.16320,1.65600,-2.52450,83.08590,43.29210,43.29210,28.62210,20.68240,0.14510,3.09920,29.03950,-5.89980,-2.60510,3.00990,3.87010,-15.71510,2.49090,2.14580
2021-12-31,89.00400,14.87200,74.13200,2.01700,51.58400,53.60100,20.53100,-15.27400,5.25700,3.30400,1.95300,1.95300,4.94500,6.89800,24.04000,20.53100,19.90400,19.98700,0.33000,0.31000,1.23470,1.72420,-2.38090,83.29070,23.06750,23.06750,5.90650,7.75020,0.15810,3.58470,25.10690,-0.58710,-0.27300,0.34700,0.42510,-16.65070,1.8241,1.594
2021-09-30,89.19800,14.60400,74.59400,2.01900,21.35200,23.37100,51.22300,1.42100,52.64400,11.51200,41.13200,41.13200,-13.90800,27.22400,67.30500,51.22300,19.90300,19.90300,1.37000,1.37000,2.06650,,,83.62740,57.42620,57.42620,59.01930,30.52090,0.05660,2.37100,37.95830,3.32600,16.12570,2.60860,3.32600,62.13620,3.5056,3.0631
2021-06-30,87.84200,14.55400,73.28800,1.94000,19.65700,21.59700,51.69100,-0.35100,51.34000,12.48600,38.85400,38.85400,-11.33700,27.51700,99.93600,51.69100,19.90300,19.90300,1.38000,1.38000,1.46300,,,83.43160,58.84540,58.84540,58.44590,31.32560,0.05540,2.12450,42.36380,3.14930,15.85800,2.44850,3.14930,61.49900,3.3508,2.7478
2021-03-31,86.62000,13.97000,72.65000,1.67600,19.28300,20.95900,51.69100,0.15200,51.84300,12.60800,39.23500,39.23500,8.12700,47.36200,68.73700,51.69100,19.90300,19.90300,2.38000,2.38000,,,,83.87210,59.67560,59.67560,59.85110,54.67790,,,,,,,,,3.01090,2.63550
2020-12-31,,,,,,,,,,,,,,,,,,,,0.00000,,,,,,,,,,,,,,,,,0,0
2020-09-30,170.24800,38.42100,131.82700,4.88600,64.43400,69.32000,62.50700,21.82700,84.33400,25.41100,58.92300,58.92300,,58.92300,83.43900,62.50700,,,,0.00000,,,,77.43230,36.71530,36.71530,49.53600,34.61010,,,,,,,,,0,0
2020-06-30,,,,0.00000,,,,,0.00000,0.00000,,0.00000,0.00000,,,,,,,0.00000,,,,,,,,,,,,,,,,,0,0
2019-12-31,,,,,,,,,,,,,,,,,,,,0.00000,,,,,,,,,,,,,,,,,0,0
2018-12-31,,,,,,,,,,,,,,,,,,,,0.00000,,,,,,,,,,,,,,,,,0,0
