Date,revenue,cost-goods-sold,gross-profit,selling-general-administrative-expenses,operating-expenses,operating-income,total-non-operating-income-expense,pre-tax-income,total-provision-income-taxes,income-after-taxes,income-from-continuous-operations,net-income,basic-shares-outstanding,shares-outstanding,eps-basic-net-earnings-per-share,eps-earnings-per-share-diluted,long-term-debt-capital,debt-equity-ratio,pre-tax-profit-margin,net-profit-margin,asset-turnover,roe,return-on-tangible-equity,roa,roi,book-value-per-share,operating-cash-flow-per-share,free-cash-flow-per-share
2024-09-30,134.61700,67.48900,67.12800,41.26400,42.14200,24.98600,,24.98600,5.33700,19.64900,19.64900,19.49400,49.40670,50.04850,0.39000,0.39000,0.01100,0.10990,39.28930,30.65340,0.00840,2.54620,2.64420,0.25910,2.51810,15.65360,0.6302,0.6201
2024-06-30,128.79900,65.20600,63.59300,39.20200,40.10800,23.48500,,23.48500,4.86300,18.62200,18.62200,18.46700,49.40180,49.78410,0.37000,0.37000,0.01200,0.11700,38.36790,30.16990,0.00800,2.55840,2.66650,0.24380,2.52760,14.77930,0.3974,0.3809
2024-03-31,124.82800,62.64500,62.18300,38.22900,39.16000,23.02300,,23.02300,4.80000,18.22300,18.22300,18.06800,49.51100,49.96800,0.36000,0.36000,0.01230,0.12130,38.03690,29.85070,0.00810,2.54880,2.66200,0.24360,2.51740,14.47310,0.39630,0.37400
2023-12-31,122.29300,60.85600,61.43700,38.19100,39.14800,22.28900,,22.28900,4.63800,17.65100,17.65100,17.90900,49.01000,49.34000,0.35000,0.34000,0.01250,0.12260,38.87300,31.23410,0.00780,2.49260,2.60800,0.23920,2.46150,14.35350,0.5751,0.5341
2023-09-30,118.63700,57.52900,61.10800,38.76100,39.68300,21.42500,,21.42500,4.56200,16.86300,16.86300,16.70800,49.21470,49.48010,0.34000,0.34000,0.02730,0.16580,37.08100,28.91710,0.00800,2.62230,2.76100,0.23490,2.55070,13.04500,0.4947,0.4612
2023-06-30,112.92700,52.60900,60.31800,39.25000,40.05200,20.26600,,20.26600,4.21900,16.04700,16.04700,15.94400,48.74450,48.94330,0.33000,0.33000,0.02150,0.42520,35.13650,27.64310,0.00810,2.46320,2.57150,0.22540,2.41020,13.39040,0.4479,0.4142
2023-03-31,101.95800,39.31600,62.64200,41.69100,42.51300,20.12900,,20.12900,4.02100,16.10800,16.10800,16.10800,48.63600,49.04400,0.33000,0.33000,0.02710,0.51430,34.57340,27.66700,0.00840,2.49550,2.60970,0.23360,2.42790,13.28140,0.49600,0.44530
2022-12-31,86.72100,28.34800,58.37300,42.78700,43.07900,15.29400,,15.29400,3.34800,11.94600,11.94600,11.94600,49.49000,50.00200,0.25000,0.24000,0.05510,0.41660,29.57310,23.09920,0.00780,1.96290,2.06140,0.18100,1.85480,12.56190,0.3625,0.3518
2022-09-30,69.33000,15.85500,53.47500,31.76600,31.78500,21.69000,,21.69000,4.41000,17.28000,17.28000,17.28000,49.26700,49.72100,0.35000,0.35000,0.00180,0.35550,43.25800,34.46280,0.00860,2.97650,2.97650,0.29540,2.97110,11.89940,0.7822,0.7668
2022-06-30,57.04100,6.13100,50.91000,31.31800,31.33800,19.57200,,19.57200,4.02700,15.54500,15.54500,15.54500,49.75800,50.20400,0.31000,0.31000,0.00170,0.48950,40.12710,31.87080,0.00850,2.55670,2.55670,0.27230,2.55230,12.27420,0.1778,0.1742
2022-03-31,52.70200,4.64500,48.05700,27.02200,27.04100,21.01600,,21.01600,4.18800,16.82800,16.82800,16.82800,50.25100,50.91000,0.33000,0.33000,0.00160,0.36520,43.17000,34.56720,0.00880,2.70030,2.70030,0.30500,2.69580,12.53220,0.28450,0.27050
2021-12-31,53.99800,5.75700,48.24100,21.63700,21.63700,26.60400,,26.52600,5.72500,20.80100,20.80100,20.80100,51.29100,52.03100,0.41000,0.39000,0.00150,0.35590,49.82250,39.06950,0.00950,3.11590,3.11650,0.37000,3.11120,13.23240,0.4419,0.4326
2021-09-30,46.20600,5.51000,40.69600,14.03600,14.03600,26.66000,,26.66000,5.66000,21.00000,21.00000,21.00000,50.99000,51.60600,0.41000,0.41000,0.00150,0.42550,52.58800,41.42340,0.00940,3.21880,3.21890,0.38880,3.21390,12.79150,0.4618,0.4724
2021-06-30,54.30900,6.15600,48.15300,29.31300,29.31300,18.84000,,18.84000,3.26300,15.57700,15.57700,15.57700,51.46690,52.20950,0.30000,0.30000,0.00150,0.44580,42.19200,34.88460,0.00840,2.44460,2.44460,0.29330,2.44090,12.50400,0.9805,0.982
2021-03-31,52.29700,7.03600,45.26100,30.31800,30.31800,14.94300,,14.94300,2.90800,12.03500,12.03500,12.03500,51.65720,52.38150,0.23000,0.23000,0.00150,0.45700,39.57260,31.87150,0.00630,1.91390,1.91390,0.20060,1.91090,12.16810,-0.18580,-0.18810
2020-12-31,52.48300,7.99700,44.48600,34.60700,34.60700,9.87900,,9.87900,1.78500,8.09400,8.09400,8.09400,52.07060,52.54860,0.16000,0.16000,0.00150,0.47460,29.39220,24.08140,0.00590,1.29620,1.29620,0.14300,1.29420,12.08260,0.5191,0.5153
2020-09-30,52.51500,9.12500,43.39000,33.88600,33.88600,9.50400,,9.50400,1.49800,8.00600,8.00600,8.00600,52.13600,52.56000,0.15000,0.15000,0.00150,0.56740,29.22960,24.62250,0.00590,1.29570,1.29620,0.14540,1.29370,11.83780,0.3216,0.2635
2020-06-30,53.88800,10.09700,43.79100,44.61300,44.61300,-0.82200,-7.39700,-8.21900,-0.86300,-7.35600,-7.35600,-7.35600,52.10490,52.10490,-0.14000,-0.14000,0.00150,0.82460,-36.06250,-32.27590,0.00420,-1.20970,-1.21020,-0.13470,-1.20780,11.65640,0.4497,0.4242
2020-03-31,56.29500,15.98000,40.31500,36.16500,36.16500,4.15000,,4.15000,0.29300,3.85700,3.85700,3.85700,52.07150,52.66030,0.07000,0.07000,0.00150,0.72320,15.74060,14.62920,0.00520,0.63030,0.63830,0.07610,0.62930,11.74610,0.24060,0.23430
2019-12-31,57.35800,18.00100,39.35700,41.70000,41.70000,-2.34300,,-1.87000,-1.17000,-0.70000,-0.70000,-0.70000,47.67920,48.57610,-0.04000,-0.03000,0.00150,0.62260,-9.34670,-3.49880,0.00410,-0.11630,-0.11790,-0.01420,-0.11620,11.57700,0.4079,0.4044
2019-09-30,58.74100,19.74300,38.99800,26.02200,26.02200,12.97600,,12.97600,2.59200,10.38400,10.38400,10.38400,48.35160,49.16460,0.22000,0.21000,0.00150,0.59510,37.99930,30.40880,0.00730,1.72370,1.74600,0.22320,1.72110,11.59220,0.4619,0.4511
2019-06-30,55.86400,19.31800,36.54600,24.81000,24.81000,11.73600,,11.73600,2.29700,9.43900,9.43900,9.43900,45.23630,46.21180,0.21000,0.20000,,,34.82910,28.01220,,,,,,,0.4182,0.4768
2019-03-31,52.96200,17.71200,35.25000,25.00800,25.48100,9.76900,,9.76900,0.41900,9.35000,9.35000,9.17500,45.09340,45.96030,0.20000,0.20000,,,30.15120,28.31790,,,,,,,0.23190,0.23850
2018-12-31,,,,,,,,,,,,,,,,0.00000,,,,,,,,,,,-0.7154,0.3008
2018-09-30,41.96000,11.80700,30.15300,22.35900,22.87500,7.27800,,7.27800,0.92400,6.35400,6.35400,5.82900,37.79060,38.77860,0.15000,0.15000,,,26.80370,21.46720,,,,,,,0.7154,-0.3008
2017-12-31,,,,,,,,,,,,,,,,0.00000,,,,,,,,,,,0,0
