Date,revenue,gross-profit,selling-general-administrative-expenses,other-operating-income-expenses,operating-income,total-non-operating-income-expense,pre-tax-income,income-after-taxes,income-from-continuous-operations,net-income,ebitda,ebit,basic-shares-outstanding,shares-outstanding,eps-basic-net-earnings-per-share,eps-earnings-per-share-diluted,current-ratio,long-term-debt-capital,debt-equity-ratio,gross-margin,operating-margin,ebit-margin,pre-tax-profit-margin,net-profit-margin,asset-turnover,roe,return-on-tangible-equity,roa,roi,book-value-per-share,operating-cash-flow-per-share,free-cash-flow-per-share
2024-09-30,55.96500,55.96500,13.30200,-0.14700,25.63400,-6.02300,19.61100,19.61100,19.61100,18.73600,35.16000,42.51600,50.83860,56.44660,0.37000,0.35000,1.11090,0.48340,0.93590,100.00000,45.80360,75.96890,35.04160,33.47810,0.03080,2.28940,2.16310,1.07940,1.11740,17.82970,1.1103,1.1103
2024-06-30,58.26400,58.26400,13.63900,-0.15900,27.85000,-9.10400,18.74600,18.74600,18.74600,17.87100,57.45600,44.46600,50.79490,56.36580,0.35000,0.33000,1.85460,0.49870,0.99480,100.00000,47.79970,76.31810,32.17420,30.67250,0.03120,2.17770,2.05820,1.00430,1.03180,17.93120,1.2676,1.2676
2024-03-31,62.00700,62.00700,14.71400,-0.15100,29.27900,-0.01500,29.26400,29.26400,29.26400,28.38900,29.32500,47.14200,50.79490,56.33060,0.56000,0.52000,1.45460,0.50360,1.01460,100.00000,47.21890,76.02690,47.19470,45.78350,0.03270,3.37600,3.19190,1.54420,1.58440,18.04940,1.43800,1.43800
2023-12-31,62.68500,62.68500,14.71200,-0.11100,29.52700,0.06600,29.59300,29.59300,29.59300,28.71800,44.85800,47.86200,50.81800,56.31200,0.57000,0.52000,1.21910,0.51780,1.07380,100.00000,47.10380,76.35320,47.20910,45.81320,0.03230,3.42980,3.24200,1.52340,1.56330,17.97050,0.9734,0.9734
2023-09-30,60.50100,60.50100,14.21500,-0.10300,27.96100,2.02600,29.98700,29.98700,29.98700,29.11200,46.17900,46.18300,50.79490,55.99350,0.57000,0.54000,1.17460,0.52540,1.10680,100.00000,46.21580,76.33430,49.56450,48.11820,0.03090,3.50130,3.30820,1.53250,1.57020,17.84510,0.8074,0.8074
2023-06-30,60.06500,60.06500,14.26000,-0.10700,27.82500,-23.11200,4.71300,4.71300,4.71300,3.83800,58.63600,45.69800,50.79490,50.79490,0.08000,0.08000,1.18410,0.53550,1.15280,100.00000,46.32480,76.08090,7.84650,6.38970,0.03030,0.55470,0.52390,0.23770,0.24330,17.71200,1.8604,1.8604
2023-03-31,58.37500,58.37500,13.87800,-0.12300,27.09300,0.89400,27.98700,27.98700,27.98700,27.11200,28.65000,44.37400,50.88710,56.28940,0.53000,0.50000,0.96330,0.54340,1.19010,100.00000,46.41200,76.01540,47.94350,46.44450,0.02840,3.22360,3.04810,1.36160,1.39180,18.07640,0.45400,0.45400
2022-12-31,56.03600,56.03600,14.32600,-0.12100,26.35100,-13.89200,12.45900,12.45900,12.45900,11.58400,48.74800,41.58900,52.11200,57.48200,0.24000,0.23000,0.64790,0.54010,1.17420,100.00000,47.02510,74.21840,22.23390,20.67240,0.02740,1.43630,1.35800,0.61020,0.62460,17.96760,-0.3509,-0.3509
2022-09-30,59.14300,59.14300,15.43100,-0.17300,31.60200,6.22800,37.83000,37.83000,37.83000,36.95500,38.32700,43.53900,51.86300,57.18300,0.71000,0.66000,1.18830,0.53130,1.13360,100.00000,53.43320,73.61650,63.96360,62.48420,0.02880,4.27140,4.04320,1.84170,1.89500,18.12680,1.323,1.323
2022-06-30,44.56800,44.56800,13.16600,-0.18600,22.04600,-17.38100,4.66500,4.66500,4.66500,3.79000,53.39300,31.21600,52.42100,52.42100,0.07000,0.07000,0.99460,0.53820,1.16560,100.00000,49.46600,70.04130,10.46720,8.50390,0.02180,0.53220,0.50350,0.22800,0.23250,17.76660,-1.5926,-1.5926
2022-03-31,47.50900,47.50900,13.86100,-0.16000,25.87200,4.81100,30.68300,30.68300,30.68300,29.80800,36.33900,33.48800,52.89200,58.19400,0.56000,0.53000,1.76980,0.51170,1.04800,100.00000,54.45710,70.48770,64.58360,62.74180,0.02390,3.40720,3.22800,1.54500,1.57620,18.05500,0.87300,0.87300
2021-12-31,43.97200,43.97200,13.28100,1.31800,22.80500,11.15600,33.96100,33.96100,33.96100,33.08600,29.04500,32.00900,54.24400,59.53200,0.61000,0.57000,0.08600,,,100.00000,51.86260,72.79410,77.23330,75.24330,0.02160,3.77850,3.57940,1.67180,3.57940,17.85410,1.5801,1.5801
2021-09-30,43.76200,43.76200,13.40500,-0.58900,22.24900,25.37100,47.62000,47.62000,47.62000,46.74500,13.95700,29.76800,53.95500,59.23100,0.87000,0.80000,1.21610,0.52930,1.12430,100.00000,50.84090,68.02250,108.81590,106.81640,0.02140,5.32430,5.04240,2.32960,2.37360,17.58190,-0.8152,-0.8152
2021-06-30,42.65600,42.65600,13.17000,-0.65500,21.77600,21.09200,42.86800,42.86800,42.86800,41.99300,9.87300,28.83100,54.53800,59.80500,0.77000,0.72000,1.64550,0.51980,1.08260,100.00000,51.05030,67.58960,100.49700,98.44570,0.02170,4.90010,4.63520,2.18470,2.22570,17.06020,-0.0329,-0.0329
2021-03-31,40.84800,40.84800,12.43500,-0.63500,20.80300,15.10100,35.90400,35.90400,35.90400,35.02900,14.17200,27.77800,55.03900,60.30600,0.64000,0.60000,0.73800,0.50940,1.03840,100.00000,50.92780,68.00330,87.89660,85.75450,0.02150,4.17240,3.94320,1.88560,1.93450,16.61260,0.53510,0.53510
2020-12-31,43.51400,43.51400,12.91400,2.01100,21.94300,16.22000,38.16300,38.16300,38.16300,37.29800,5.19400,32.61100,56.42100,56.42100,0.63000,0.71000,1.83300,0.52190,1.09160,100.00000,50.42740,74.94370,87.70280,85.71490,0.02260,4.48260,4.23390,1.98500,2.02430,16.29360,3.0496,3.0496
2020-09-30,42.78400,42.78400,13.05800,-0.81400,21.62100,11.98700,33.60800,33.60800,33.60800,32.75200,14.09300,28.91200,56.30900,61.57200,0.58000,0.55000,0.96690,0.54560,1.20060,100.00000,50.53530,67.57670,78.55270,76.55200,0.02130,3.97620,3.75420,1.67340,1.70600,15.89840,-0.1982,-0.1982
2020-06-30,45.27500,45.27500,13.13100,-0.90900,21.79200,34.36600,56.15800,56.15800,56.15800,55.60400,-50.60800,31.23500,56.30900,59.54700,0.99000,0.94000,0.75680,0.53970,1.17260,100.00000,48.13250,68.98950,124.03750,122.81390,0.02310,6.73920,6.35770,2.86720,2.92630,15.68670,2.736,2.736
2020-03-31,50.54500,50.54500,13.65600,-0.68600,24.02400,-145.12400,-121.10000,-121.10000,-121.10000,-121.10000,182.07100,36.20300,57.11200,57.11200,-2.12000,-2.12000,1.00300,0.61260,1.58160,100.00000,47.52990,71.62530,-239.58850,-239.58850,0.02380,-15.16530,-15.16530,-5.69390,-5.87440,14.18130,-0.17880,-0.17880
2019-12-31,53.46500,53.46500,14.44800,-1.37900,25.61200,1.22400,26.83600,26.83600,26.83600,26.83600,14.11500,37.63800,60.19000,60.19000,0.46000,0.46000,0.69040,0.55190,1.23140,100.00000,47.90420,70.39750,50.19360,50.19360,0.02440,2.80570,2.80570,1.22680,1.25740,16.55830,0.5697,0.5697
2019-09-30,55.77900,55.77900,14.80400,-0.63300,26.80400,-35.79300,-8.98900,-8.98900,-8.98900,-8.98900,65.88900,40.34200,59.58800,59.58800,-0.15000,-0.15000,1.57400,0.55140,1.22900,100.00000,48.05390,72.32470,-16.11540,-16.11540,0.02510,-0.91860,-0.91860,-0.40380,-0.41210,16.58280,-0.9795,-0.9795
2019-06-30,56.86700,56.86700,15.04500,-0.75900,28.03100,-18.27400,9.75700,9.75700,9.75700,9.75700,51.92300,41.06300,60.59600,60.59600,0.16000,0.16000,1.23170,0.51630,1.06720,100.00000,49.29220,72.20880,17.15760,17.15760,0.02620,0.95040,0.95040,0.44910,0.45980,17.05810,1.2063,1.2063
2019-03-31,55.18700,55.18700,14.91300,-0.66100,27.62200,6.10400,33.72600,33.72600,33.72600,33.72600,34.64600,39.61300,61.77300,61.77300,0.55000,0.55000,0.85210,0.51080,1.04420,100.00000,50.05170,71.77960,61.11220,61.11220,0.02490,3.18110,3.18110,1.52310,1.55620,17.30300,-2.32320,-2.32320
2018-12-31,56.31100,56.31100,15.14200,-0.69300,29.57100,-30.73100,-1.16000,-1.16000,-1.16000,-1.16000,72.96100,40.47600,62.53400,62.53400,-0.02000,-0.02000,1.43290,0.47470,0.90360,100.00000,52.51370,71.87940,-2.06000,-2.06000,0.02700,-0.10910,-0.10910,-0.05560,-0.05730,17.08530,0.6825,0.6825
2018-09-30,51.28000,51.28000,14.51800,-0.67500,25.71500,-19.63500,6.08000,6.08000,6.08000,6.08000,52.10500,36.08700,62.56900,62.56900,0.10000,0.10000,2.63240,0.47520,0.90540,100.00000,50.14630,70.37250,11.85650,11.85650,0.02390,0.55040,0.55040,0.28310,0.28880,17.65640,-0.5539,-0.5539
2018-06-30,52.45200,52.45200,14.82900,-0.67400,28.24000,-15.13400,13.10600,13.10600,13.10600,13.10600,54.13100,36.94900,62.56900,62.56900,0.21000,0.21000,0.52600,0.43290,0.76330,100.00000,53.83970,70.44350,24.98670,24.98670,0.02580,1.16830,1.16830,0.64520,0.66260,17.92920,-0.8278,-0.8278
2018-03-31,47.48300,47.48300,13.90500,-0.62300,25.14000,-4.05100,21.08900,21.08900,21.08900,21.08900,37.11900,32.95500,62.50400,62.50400,0.34000,0.34000,0.76230,0.41380,0.70590,100.00000,52.94530,69.40380,44.41380,44.41380,0.02390,1.86320,1.86320,1.05940,1.09220,18.08970,1.15970,1.15970
2017-12-31,49.51000,49.51000,14.56500,-0.51800,26.61100,0.37200,26.98300,26.98300,26.98300,26.98300,30.24700,34.42700,52.99700,52.99700,0.45000,0.45000,0.53280,0.42520,0.73980,100.00000,53.74870,69.53550,54.50010,54.50010,0.02450,2.39360,2.39360,1.33490,1.37580,18.12150,-0.5661,-0.5661
2017-09-30,42.64800,42.64800,13.33700,1.69100,25.08000,0.46300,25.54300,25.54300,25.54300,25.54300,30.94600,31.00200,61.84000,61.84000,0.41000,0.41000,0.89320,0.43050,0.75580,100.00000,58.80700,72.69270,59.89260,59.89260,0.02120,2.27180,2.27180,1.26860,1.29390,18.17580,-2.5576,-2.5576
2017-06-30,38.74400,38.74400,12.78400,1.22600,21.44800,-5.94700,15.50100,15.50100,15.50100,15.50100,33.15900,27.18600,45.97800,45.97800,0.34000,0.34000,0.64780,0.35110,0.54100,100.00000,55.35830,70.16830,40.00880,40.00880,0.02200,1.39180,1.39180,0.88090,0.90320,18.13740,-5.5357,-5.5357
2017-03-31,34.09900,34.09900,10.89100,1.10200,19.27600,-3.10300,16.17300,16.17300,16.17300,16.17300,19.78100,24.31000,41.70700,41.70700,0.39000,0.39000,1.31340,0.46430,0.86660,100.00000,56.52950,71.29240,47.42960,47.42960,0.02340,2.11880,2.11880,1.10850,1.13510,18.30150,1.38260,1.38260
2016-12-31,33.15600,33.15600,10.95200,1.20800,18.42500,-1.02900,17.39600,17.39600,17.39600,17.39600,24.01300,23.41200,36.15200,36.15200,0.48000,0.48000,1.15640,0.47550,0.90660,100.00000,55.57060,70.61160,52.46710,52.46710,0.02230,2.27660,2.27660,1.16740,1.19410,18.32380,-1.8522,-1.8522
2016-09-30,28.95700,28.95700,9.79900,0.73900,15.84600,13.32400,29.17000,29.17000,29.17000,29.17000,7.47300,19.89700,37.48900,37.48900,0.78000,0.78000,0.87940,0.47660,0.91050,100.00000,54.72250,68.71220,100.73560,100.73560,0.01990,3.98910,3.98910,2.00660,2.08800,18.37700,-2.8529,-2.8529
2016-06-30,25.74800,25.74800,8.90300,0.44600,13.46600,12.48500,25.95100,25.95100,25.95100,25.95100,-0.65600,17.29100,34.40300,34.40300,0.75000,0.75000,1.07800,0.46680,0.87560,100.00000,52.29920,67.15470,100.78840,100.78840,0.02040,3.94440,3.94440,2.05150,2.10300,18.01680,-1.8044,-1.8044
2016-03-31,23.11000,23.11000,8.21200,0.66100,11.96000,-14.66800,-2.70800,-2.70800,-2.70800,-2.70800,26.91400,15.55900,31.94600,31.94600,-0.08000,-0.08000,0.71060,0.48300,0.93420,100.00000,51.75250,67.32580,-11.71790,-11.71790,0.01950,-0.46000,-0.46000,-0.22890,-0.23780,17.65750,-2.19300,-2.19300
2015-12-31,20.68500,20.68500,7.59300,0.68800,10.76500,-20.74800,-9.98300,-9.98300,-9.98300,-9.98300,34.80900,13.78000,24.83000,24.83000,-0.50000,-0.50000,1.52970,0.46900,0.88320,100.00000,52.04260,66.61830,-48.26200,-48.26200,0.01870,-1.74610,-1.74610,-0.90420,-0.92720,18.13620,-4.8024,-4.8024
2015-09-30,19.60100,19.60100,7.20500,0.59600,10.33400,-0.68100,9.65300,9.65300,9.65300,9.65300,14.76200,12.99200,27.21900,27.21900,0.35000,0.35000,0.92250,0.46020,0.85260,100.00000,52.72180,66.28230,49.24750,49.24750,0.01950,1.81900,1.81900,0.95790,0.98190,19.02430,-1.4439,-1.4439
2015-06-30,15.92500,15.92500,6.32500,0.47400,7.94500,1.27000,9.21500,9.21500,9.21500,9.21500,9.68100,10.07400,23.06300,23.06300,0.40000,0.40000,0.90980,0.44410,0.79890,100.00000,49.89010,63.25900,57.86500,57.86500,0.01640,1.80460,1.80460,0.95030,1.00310,19.08550,-3.8469,-3.8469
2015-03-31,12.97900,12.97900,5.09800,0.37900,6.48000,3.30800,9.78800,9.78800,9.78800,9.78800,4.92000,8.26000,19.57800,19.57800,0.50000,0.50000,0.26340,0.47380,0.90060,100.00000,49.92680,63.64130,75.41410,75.41410,0.01610,2.42740,2.42740,1.21490,1.27720,19.04670,-5.61140,-5.61140
2014-12-31,5.88500,5.88500,3.65300,0.27700,0.97900,-4.91000,-3.93100,-3.93100,-3.93100,-3.93100,7.58400,2.50900,13.09100,13.09100,-0.37000,-0.37000,0.12500,0.47690,0.91190,100.00000,16.63550,42.63380,-66.79690,-66.79690,0.00820,-1.16210,-1.16210,-0.54850,-0.60790,18.86230,-11.9099,-11.9099
2014-09-30,10.52200,10.52200,3.62900,-0.05200,5.70600,-4.76900,0.93700,0.93700,0.93700,0.93700,11.79900,6.84100,12.99000,12.99000,0.07000,0.07000,0.35590,0.47000,0.88680,100.00000,54.22920,65.01620,8.90520,8.90520,0.02010,0.35770,0.35770,0.17930,0.18960,19.35260,-7.9956,-7.9956
2014-06-30,9.94400,9.94400,3.59600,-1.17800,4.53600,0.05600,4.59200,4.59200,4.59200,4.59200,6.38700,5.17000,12.89200,12.89200,0.36000,0.36000,0.56590,0.37690,0.60490,100.00000,45.61550,51.99120,46.17860,46.17860,0.02180,1.80680,1.80680,1.00660,1.12580,19.71420,-3.9005,-3.9005
2014-03-31,6.63300,6.63300,2.93700,-0.30800,3.03900,0.97700,4.01600,4.01600,4.01600,4.01600,2.67600,3.38800,10.73500,10.73500,0.37000,0.37000,1.06660,0.23080,0.30000,100.00000,45.81640,51.07800,60.54580,60.54580,0.01890,1.58710,1.58710,1.14600,1.22080,19.62930,-8.71730,-8.71730
2013-12-31,,,,,,,,,,,,,,,,0.00000,,,,,,,,,,,,,,,23.9952,23.9952
2013-09-30,1.14500,1.14500,3.32500,-0.54500,-2.80600,-0.36500,-3.17100,-3.17100,-3.17100,-1.17100,-2.14500,-2.72500,3.99300,3.99300,-0.29000,-0.29000,26.94930,0.22500,0.29040,100.00000,-245.06550,-237.99130,-276.94330,-102.27070,0.00710,-2.56160,-2.56160,-1.95660,-1.98510,19.11240,9.825,9.825
2013-06-30,0.02000,0.02000,0.84500,-1.75000,-2.57500,0.06400,-2.51100,-2.51100,-2.51100,-2.51100,-2.57500,-2.57500,0.31700,0.31700,-7.92000,-7.92000,1.89500,,,100.00000,-12875.00000,-12875.00000,-12555.00000,-12555.00000,0.00040,-6.61450,-6.61450,-4.67590,-6.61450,18.72820,-33.8202,-33.8202
2013-03-31,,,,,,,,,,,,,,,,0.00000,,,,,,,,,,,,,,,0.00000,
2012-12-31,,,,,,,,,,,,,,,,0.00000,,,,,,,,,,,,,,,0,0
2012-09-30,1.16500,1.16500,2.17000,-2.29500,-3.38100,-0.30100,-3.68200,-3.68200,-3.68200,-3.68200,-3.30000,-3.30000,1.45100,1.45100,-2.54000,-2.54000,,,,100.00000,-290.21460,-283.26180,-316.05150,-316.05150,,,,,,,0,0
