Date,revenue,gross-profit,selling-general-administrative-expenses,other-operating-income-expenses,operating-income,total-non-operating-income-expense,pre-tax-income,total-provision-income-taxes,income-after-taxes,income-from-continuous-operations,net-income,ebitda,ebit,basic-shares-outstanding,shares-outstanding,eps-basic-net-earnings-per-share,eps-earnings-per-share-diluted,long-term-debt-capital,debt-equity-ratio,operating-margin,ebit-margin,pre-tax-profit-margin,net-profit-margin,asset-turnover,roe,return-on-tangible-equity,roa,roi,book-value-per-share,operating-cash-flow-per-share,free-cash-flow-per-share
2024-09-30,0.10900,0.10900,3.41100,8.47500,5.17300,-17.33200,-12.15900,0.28500,-12.44400,-12.44400,,4.42600,5.17300,30.21600,30.21600,-0.49000,-0.49000,,5.25390,4745.87200,4745.87200,-11155.05000,,0.00010,-9.29820,-5.19160,-0.80210,-5.19160,7.58270,0.1476,0.1476
2024-06-30,0.16700,0.16700,3.37100,8.89400,5.69000,-4.24200,1.44800,0.66400,0.78400,0.78400,-1.86400,4.98400,5.69000,29.97900,30.03000,-0.06000,-0.06000,,4.85480,3407.18500,3407.18500,867.06590,-1116.16800,0.00010,0.59440,0.32980,0.05530,0.32980,7.90400,0.1355,0.1355
2024-03-31,-0.90700,-0.90700,1.84100,10.25700,7.50900,5.25000,12.75900,0.70300,12.05600,12.05600,9.66600,6.94000,7.50900,29.97800,30.02000,0.32000,0.32000,,4.52310,-827.89420,-827.89420,-1406.72500,-1065.71100,-0.00060,8.49630,4.81970,0.85750,4.81970,8.33240,-0.63460,-0.63460
2023-12-31,-0.39000,-0.39000,1.75600,9.74200,7.59600,-41.96100,-34.36500,-0.72100,-33.64400,-33.64400,-22.36300,7.07800,7.59600,26.26200,26.29400,-1.29000,-1.29000,,4.15210,-1947.69100,-1947.69100,8811.53800,5734.10200,-0.00030,-23.52790,-13.02140,-2.41520,-13.02140,8.60680,0.7285,0.7285
2023-09-30,-0.47300,-0.47300,1.62600,10.35600,8.25700,8.90400,17.16100,1.27600,15.88500,15.88500,0.00000,7.81300,8.25700,26.93600,26.97800,0.49000,0.49000,,4.42350,-1745.66600,-1745.66600,-3628.11800,-0.00020,-0.00030,11.17270,6.16760,1.11280,6.16760,9.54690,0.6317,0.6317
2023-06-30,-0.63400,-0.63400,1.99500,10.97200,8.34300,-6.13000,2.21300,0.58700,1.62600,1.62600,-0.87600,8.01000,8.34300,26.01500,26.03400,-0.03000,-0.03000,,4.39840,-1315.93100,-1315.93100,-349.05360,138.17030,-0.00040,1.10470,0.61930,0.11280,0.61930,9.73270,0.0383,0.0383
2023-03-31,-0.16000,-0.16000,1.52300,11.10900,9.42600,-29.36700,-19.94100,-0.61900,-19.32200,-19.32200,-21.40800,9.08600,9.42600,24.66300,24.68500,-0.87000,-0.87000,,4.42770,-5891.25000,-5891.25000,12463.13000,13380.00000,-0.00010,-12.98820,-7.31490,-1.30650,-7.31490,10.29890,0.14780,0.14780
2022-12-31,1.36700,1.36700,1.58700,10.39600,10.17600,-44.50100,-34.32500,-1.57200,-32.75300,-32.75300,-34.51400,9.88700,10.17600,19.76800,19.79600,-1.78000,-1.77000,,3.80330,744.40350,744.40340,-2510.97200,-2524.79800,0.00100,-21.81540,-12.33560,-2.32480,-12.33560,11.29470,0.8079,0.8079
2022-09-30,3.33100,3.33100,1.47500,10.70100,12.55700,30.46400,43.02100,1.34400,41.67700,41.67700,38.34900,12.11200,12.55700,20.12300,20.15700,1.91000,1.90000,,4.15770,376.97380,376.97380,1291.53400,1151.27600,0.00240,30.77570,16.61760,3.05150,16.61760,11.94920,0.6684,0.6684
2022-06-30,3.50200,3.50200,1.49900,10.57300,12.57600,-26.61700,-14.04100,1.42300,-15.46400,-15.46400,-17.58200,12.83400,12.57600,19.00700,19.02900,-0.93000,-0.93000,,3.37720,359.10910,359.10910,-400.94230,-502.05600,0.00290,-11.06900,-6.06230,-1.28930,-6.06230,12.98270,0.797,0.797
2022-03-31,3.87900,3.87900,1.74400,9.92300,12.05800,20.54600,32.60400,3.87500,28.72900,28.72900,25.63300,13.26700,12.05800,18.25300,18.27300,1.40000,1.40000,,3.55840,310.85330,310.85330,840.52590,660.81460,0.00320,19.91310,11.06450,2.37030,11.06450,13.83550,0.75320,0.75320
2021-12-31,2.99500,2.99500,1.54700,9.64000,11.08800,-5.02000,6.06800,-0.63700,6.70500,6.70500,4.11200,13.23500,11.08800,17.96400,17.98400,0.23000,0.23000,,3.62520,370.21710,370.21710,202.60430,137.29550,0.00230,4.10250,2.40480,0.51460,2.40480,15.26760,0.268,0.268
2021-09-30,2.16100,2.16100,1.93600,10.75900,10.98400,-14.98900,-4.00500,-0.21500,-3.79000,-3.79000,-6.17500,13.97600,10.98400,17.18600,17.20600,-0.36000,-0.36000,,3.22970,508.28320,508.28320,-185.33090,-285.74730,0.00180,-2.26770,-1.34160,-0.31210,-1.34160,15.99060,0.7748,0.7748
2021-06-30,2.18500,2.18500,1.88300,9.67600,9.97800,-23.42100,-13.44300,-1.83000,-11.61300,-11.61300,-13.83800,13.49600,9.97800,17.07400,17.09600,-0.81000,-0.81000,,3.59530,456.65910,456.65910,-615.24030,-633.31810,0.00160,-6.76480,-4.04570,-0.87000,-4.04570,16.77370,0.8844,0.8844
2021-03-31,1.84700,1.84700,1.61700,10.45800,10.68800,14.00300,24.69100,3.46300,21.22800,21.22800,18.33100,15.73300,10.68800,17.06600,17.08800,1.07000,1.07000,,3.41680,578.66820,578.66820,1336.81700,992.47420,0.00130,11.04470,6.90160,1.50500,6.90160,17.99450,0.74220,0.74220
2020-12-31,-3.97700,-3.97700,2.06200,9.10500,3.06600,4.76100,7.82700,-1.21600,9.04300,9.04300,6.41200,7.60900,3.06600,16.90200,16.91900,0.43000,0.43000,,4.03550,-77.09330,-77.09330,-196.80670,-161.22710,-0.00250,4.58600,2.89320,0.56750,2.89320,18.30330,0.6091,0.6091
2020-09-30,10.01900,10.01900,1.50300,9.09900,17.61500,-20.47300,-2.85800,-2.11600,-0.74200,-0.74200,-3.19100,21.55600,17.61500,17.05500,17.07700,-0.19000,-0.19000,,4.59290,175.81590,175.81590,-28.52580,-31.84950,0.00550,-0.35860,-0.23030,-0.04050,-0.23030,18.86710,1.3121,1.3121
2020-06-30,6.70700,6.70700,1.42000,11.43800,16.72500,-32.68600,-15.96100,-3.27800,-12.68300,-12.68300,-14.91700,20.25600,16.72500,16.88200,16.89500,-0.88000,-0.88000,,4.35280,249.36630,249.36630,-237.97530,-222.40940,0.00340,-5.38440,-3.61510,-0.65100,-3.61510,20.54410,0.3419,0.3419
2020-03-31,7.95800,7.95800,2.75600,13.67900,18.88100,-79.87100,-60.99000,-12.15400,-48.83600,-48.83600,-50.38500,23.10800,18.88100,16.61100,16.62400,-3.03000,-3.03000,,4.98230,237.25810,237.25810,-766.39860,-633.13640,0.00370,-20.92780,-14.00770,-2.28540,-14.00770,21.09370,1.42420,1.42420
2019-12-31,-1.25800,-1.25800,2.24600,13.94000,10.43600,-4.80900,5.62700,3.69700,1.93000,1.93000,-0.56300,16.30300,10.43600,16.77500,16.78800,-0.02000,-0.02000,,6.27140,-829.57170,-829.57140,-447.29800,44.75380,-0.00040,0.67940,0.48330,0.06550,0.48330,23.97070,1.3143,1.3143
2019-09-30,6.74800,6.74800,1.19400,14.58500,20.13900,-28.73300,-8.59400,-4.28500,-4.30900,-4.30900,-6.70300,24.11400,20.13900,16.88400,16.89700,-0.40000,-0.40000,,5.91980,298.44400,298.44400,-127.35620,-99.33310,0.00230,-1.46400,-1.05200,-0.14980,-1.05200,24.24140,0.8097,0.8097
2019-06-30,5.50900,5.50900,1.13800,14.25900,18.63000,-50.16000,-31.53000,-4.37200,-27.15800,-27.15800,-29.31300,21.83700,18.63000,16.77600,16.78900,-1.75000,-1.75000,,5.15790,338.17400,338.17400,-572.33620,-532.09300,0.00220,-9.33910,-6.68780,-1.06950,-6.68780,24.03270,1.3522,1.3522
2019-03-31,6.22500,6.22500,0.96300,13.36700,18.62900,-44.73200,-26.10300,-4.96500,-21.13800,-21.13800,-22.63000,20.71700,18.62900,16.64600,16.65400,-1.36000,-1.36000,,4.69710,299.26100,299.26100,-419.32530,-363.53410,0.00260,-7.06250,-5.10210,-0.88570,-5.10210,24.87080,0.80500,0.80500
2018-12-31,6.20800,6.20800,0.96200,13.04600,18.29200,-60.60400,-42.31200,0.00200,-42.31400,-42.31400,-43.15900,19.86800,18.29200,14.64900,14.65700,-3.22000,-3.22000,,4.82550,294.65210,294.65210,-681.57220,-695.21590,0.00290,-14.18540,-11.62690,-1.96510,-11.62690,21.85510,0.9992,0.9992
2018-09-30,6.06600,6.06600,1.16500,11.03600,15.93700,12.29100,28.22800,0.72900,27.49900,27.49900,25.76300,19.08200,15.93700,15.86500,15.87300,1.62000,1.62000,,4.66220,262.72670,262.72670,465.34790,424.71150,0.00270,8.49630,7.08430,1.23120,7.08430,23.97590,0.3607,0.3607
2018-06-30,4.69500,4.69500,0.93700,9.14100,12.89900,2.10700,15.00600,1.16100,13.84500,13.84500,12.35500,17.29300,12.89900,13.61600,13.62500,0.91000,0.91000,,4.74290,274.73910,274.73910,319.61660,263.15230,0.00210,4.43980,3.70450,0.63370,3.70450,23.62590,1.5198,1.5198
2018-03-31,5.87200,5.87200,0.87700,6.93800,11.93300,25.94100,37.87400,2.63500,35.23900,35.23900,33.57000,15.42400,11.93300,12.71300,12.72100,2.64000,2.64000,,4.93370,203.21870,203.21870,644.99320,571.69620,0.00310,13.48190,11.03640,1.83140,11.03640,25.10000,1.34710,1.34710
2017-12-31,6.97500,6.97500,0.84900,5.72100,11.84700,9.52900,21.37600,1.14300,20.23300,20.23300,18.72400,14.62300,11.84700,11.44300,11.45100,0.70000,0.71000,,5.28930,169.84950,169.84950,306.46600,268.44450,0.00340,7.64840,6.27460,0.98660,6.27460,25.34840,1.6182,1.6182
2017-09-30,5.83600,5.83600,0.94800,4.68100,9.56900,-3.24700,6.32200,-0.53700,6.85900,6.85900,6.17300,12.28000,9.56900,12.70400,12.71200,0.49000,0.49000,,5.02930,163.96500,163.96500,108.32760,105.77450,0.00300,2.64470,2.16190,0.35440,2.16190,24.94020,-0.0308,-0.0308
2017-06-30,5.71000,5.71000,1.04500,4.50200,9.16700,-12.17600,-3.00900,-1.34400,-1.66500,-1.66500,-1.54900,11.01600,9.16700,12.69500,12.70200,-0.12000,-0.12000,,4.82320,160.54290,160.54290,-52.69700,-27.12790,0.00380,-0.65130,-0.65130,-0.10940,-0.65130,20.11390,-31.6567,-31.6567
2017-03-31,3.64700,3.64700,0.97500,3.34700,6.01900,17.90700,23.92600,1.33900,22.58700,22.58700,22.17800,7.43800,6.01900,7.63400,7.64000,2.91000,2.90000,,3.06480,165.03970,165.03970,656.04610,608.11630,0.00280,8.77030,8.77030,1.71400,8.77030,20.27870,33.89560,33.89560
2016-12-31,8.85300,8.85300,0.79000,1.12700,9.19000,18.53900,27.72900,1.12700,26.60200,26.60200,26.17000,10.46400,9.19000,7.51200,7.52300,3.49000,3.48000,,3.95810,103.80660,103.80660,313.21590,295.60610,0.01120,17.05160,17.05160,3.35510,17.05160,20.73210,1.0882,1.0882
2016-09-30,5.28000,5.28000,0.86400,1.72400,6.14000,-0.71000,5.43000,-0.08900,5.51900,5.51900,5.44200,7.13800,6.14000,7.51200,7.52800,0.72000,0.72000,,3.20060,116.28790,116.28790,102.84090,103.06820,0.00790,3.61920,3.61920,0.83020,3.61920,20.26490,1.0461,1.0461
2016-06-30,5.25000,5.25000,0.82200,1.07300,5.50100,-5.20700,0.29400,0.01000,0.28400,0.28400,0.28300,6.49900,5.50100,7.51000,7.52100,0.04000,0.04000,,3.18920,104.78090,104.78090,5.60000,5.39050,0.00800,0.18910,0.18910,0.04330,0.18910,19.94580,2.0101,2.0101
2016-03-31,3.53100,3.53100,0.80800,1.09300,3.81600,-11.56800,-7.75200,-0.59000,-7.16200,-7.16200,-7.06300,4.66900,3.81600,7.51000,7.51900,-0.94000,-0.94000,0.24080,3.15160,108.07140,108.07140,-219.54120,-200.02830,0.00560,-4.80810,-4.80810,-1.12750,-3.65020,19.81080,0.43690,0.43690
2015-12-31,6.22500,6.22500,1.08300,0.79900,5.94100,3.57600,9.51700,-0.13400,9.65100,9.65100,9.54500,7.23700,5.94100,7.51000,7.51200,1.27000,1.27000,0.29010,3.09920,95.43770,95.43770,152.88350,153.33330,0.00980,6.33530,6.33530,1.51660,4.49750,20.26030,0.912,0.912
2015-09-30,4.17000,4.17000,0.62200,0.09700,3.64500,-8.95400,-5.30900,-0.13900,-5.17000,-5.17000,-5.12400,4.64200,3.64500,7.51000,7.51200,-0.68000,-0.68000,0.30640,3.50290,87.41010,87.41010,-127.31410,-122.87770,0.00590,-3.39060,-3.39060,-0.73630,-2.35180,20.27940,1.3958,1.3958
2015-06-30,6.74200,6.74200,0.63400,0.06200,6.17000,5.06800,11.23800,-0.07000,11.30800,11.30800,11.20500,7.01100,6.17000,7.51000,7.51000,1.49000,1.49000,,2.49840,91.51590,91.51590,166.68640,166.19700,0.01200,7.15090,7.15090,2.00500,7.15090,21.05650,0.2641,0.2641
2015-03-31,4.59200,4.59200,0.74200,,3.85000,-6.28400,-2.43400,,-2.43400,-2.43400,-2.41200,4.52700,3.85000,7.51000,7.51000,-0.32000,-0.32000,,2.38730,83.84150,83.84150,-53.00520,-52.52610,0.00850,-1.55420,-1.55420,-0.44850,-1.55420,20.85290,0.53980,0.53980
2014-12-31,6.91500,6.91500,1.19000,,5.72500,-6.38800,-0.66300,-0.14500,-0.51800,-0.51800,-0.51300,6.45000,5.72500,7.51000,7.50900,-0.07000,-0.07000,,2.25880,82.79100,82.79110,-9.58790,-7.41870,0.01300,-0.32310,-0.32310,-0.09740,-0.32310,21.34730,0.6624,0.6624
2014-09-30,5.08000,5.08000,0.74400,,4.33600,-1.52200,2.81400,,2.81400,2.81400,2.78800,4.85200,4.33600,7.50700,7.51000,0.37000,0.37000,,2.05940,85.35430,85.35430,55.39370,54.88190,0.01020,1.76010,1.76010,0.56770,1.76010,21.28800,0.6744,0.6744
2014-06-30,5.13100,5.13100,0.64100,,4.49000,-5.14400,-0.65400,0.00100,-0.65500,-0.65500,-0.65200,4.95200,4.49000,7.50500,7.51000,-0.09000,-0.09000,,1.80490,87.50730,87.50730,-12.74610,-12.70710,0.01110,-0.40240,-0.40240,-0.14130,-0.40240,21.67160,0.4538,0.4538
2014-03-31,5.06400,5.06400,0.45300,,4.61100,-3.87300,0.73800,0.00400,0.73400,0.73400,0.73000,4.96600,4.61100,7.50300,7.50700,0.10000,0.10000,,1.67110,91.05450,91.05450,14.57350,14.41550,0.01160,0.45430,0.45430,0.16750,0.45430,21.51230,1.73940,1.73940
2013-12-31,,,0.60900,,-0.60900,,21.30900,,21.30900,21.30900,21.20200,-0.60900,4.75200,1.68800,1.68800,119.50000,119.50000,,1.62180,,,,,,13.22540,13.22540,4.98580,13.22540,21.48290,-3.1558,-3.1558
2013-09-30,,,0.03600,,-0.03600,,-0.03600,,-0.03600,-0.03600,-0.03600,-0.03600,-0.03600,0.00100,0.00100,-36.00000,-36.00000,,,,,,,,27.41620,27.41620,-242.81670,27.41620,,0,0
2013-06-30,,,0.03600,,-0.03600,,-0.03600,,-0.03600,-0.03600,-0.03600,-0.03600,-0.03600,0.00100,0.00100,-36.00000,-36.00000,,,,,,,,37.99270,37.99270,-238.33170,37.99270,,0,0
2013-03-31,,,0.03500,,-0.03500,,-0.03500,,-0.03500,-0.03500,-0.03500,-0.03500,-0.03500,0.00100,0.00100,-35.00000,-35.00000,,,,,,,,,,,,,0.00000,
2012-12-31,,,,,,,,,,,,,,,,,0.00000,,,,,,,,,,,,,0,0
