Date,revenue,cost-goods-sold,gross-profit,selling-general-administrative-expenses,other-operating-income-expenses,operating-expenses,operating-income,total-non-operating-income-expense,pre-tax-income,income-after-taxes,income-from-continuous-operations,net-income,ebitda,ebit,basic-shares-outstanding,shares-outstanding,eps-basic-net-earnings-per-share,eps-earnings-per-share-diluted,current-ratio,gross-margin,operating-margin,ebit-margin,pre-tax-profit-margin,net-profit-margin,asset-turnover,inventory-turnover,receiveable-turnover,days-sales-in-receivables,roe,return-on-tangible-equity,roa,roi,operating-cash-flow-per-share,free-cash-flow-per-share
2024-09-30,9.26580,6.68650,2.57920,0.39610,-0.16190,2.18350,0.39570,4.67880,5.07460,5.07460,5.07460,5.07460,2.02120,0.39570,6.97500,19.07800,0.69000,0.01000,0.73780,27.83630,4.27070,4.27070,54.76690,54.76690,0.09320,7.85280,1.97850,45.49020,7.12060,7.12000,5.10510,7.12000,-4.0305,-3.7294
2024-06-30,10.82720,5.13000,5.69720,0.60260,-0.14300,2.29000,3.40720,-15.16420,-11.75700,-11.75700,-11.75700,-11.75700,4.95160,3.40720,4.20300,4.20300,-2.84000,-2.84000,0.88340,52.61980,31.46910,31.46910,-108.58720,-108.58720,0.07880,4.62400,3.40640,26.42080,-17.73160,-17.73000,-8.55620,-17.73000,-17.4698,-17.8559
2024-03-31,12.79200,4.64380,8.14820,1.50630,-0.12010,3.00870,5.13950,-1.35290,3.78660,3.78660,3.78660,3.78660,6.52180,5.13950,0.65580,0.65580,1.11000,1.11000,0.96510,63.69790,40.17730,40.17730,29.60140,29.60140,0.11230,5.08740,3.02020,29.79950,5.72640,5.72590,3.32360,5.72590,22.55970,22.55970
2023-12-31,13.77680,5.83890,7.93790,0.34400,-0.12010,1.84650,6.09140,-0.51860,5.57270,5.57270,5.57270,5.57270,7.47370,6.09140,0.05420,0.14610,102.74000,49.66000,0.50870,57.61770,44.21510,44.21510,40.45030,40.45030,0.14430,8.47120,1.31920,68.22460,10.03410,10.03310,5.83700,10.03310,13.5965,4.0845
2023-09-30,10.10710,4.25950,5.84760,0.39080,-0.12550,1.89850,3.94910,-0.61800,3.33100,3.33100,3.33100,3.33100,5.33140,3.94910,0.07300,0.21590,43.00000,15.43000,0.35200,57.85670,39.07220,39.07220,32.95740,32.95740,0.11130,2.06590,3.21790,27.96870,6.62930,6.62850,3.66750,6.62850,-28.2586,-48.1753
2023-06-30,1.70330,1.01520,0.68800,0.27140,-0.11050,1.05200,-0.36400,0.00070,-0.36320,-0.36320,-0.36320,-0.36320,0.30610,-0.36400,0.03180,0.03180,-12.07000,-12.07000,4.78680,40.39510,-21.36870,-21.36870,-21.32570,-21.32570,0.03880,6.59580,1.56010,57.68950,-0.85340,-0.85330,-0.82730,-0.85330,43.8126,43.8126
2023-03-31,3.15180,1.31360,1.83830,0.19390,-0.22290,1.08680,0.75140,-0.00020,0.75140,0.75140,0.75140,0.75140,1.42150,0.75140,0.03180,0.07470,23.61000,10.06000,2.02200,58.32350,23.84120,23.84120,23.83850,23.83850,0.07940,3.26320,2.87250,31.33120,,1.92950,1.89270,1.92950,9.44310,9.44310
2022-12-31,,,,,,,,,,,,,,,,,,0.00000,,,,,,,,,,,,,,,0,0
