Date,revenue,cost-goods-sold,gross-profit,selling-general-administrative-expenses,other-operating-income-expenses,operating-expenses,operating-income,total-non-operating-income-expense,pre-tax-income,total-provision-income-taxes,income-after-taxes,income-from-continuous-operations,net-income,ebitda,ebit,basic-shares-outstanding,shares-outstanding,eps-basic-net-earnings-per-share,eps-earnings-per-share-diluted,current-ratio,gross-margin,operating-margin,ebit-margin,pre-tax-profit-margin,net-profit-margin,asset-turnover,receiveable-turnover,days-sales-in-receivables,roe,return-on-tangible-equity,roa,roi,book-value-per-share,operating-cash-flow-per-share,free-cash-flow-per-share
2024-09-30,0.17130,0.02010,0.15120,0.16710,,0.16810,-0.01690,0.05410,0.03720,-0.01690,0.05410,0.05410,0.05410,-0.01580,-0.01690,2.02700,2.06400,0.03000,0.03000,54.33140,88.27400,-9.88500,-9.88500,21.72310,31.59710,0.00910,2.01970,44.56100,0.29170,0.29170,0.28900,0.29170,9.15190,-0.1196,-0.1196
2024-06-30,1.02740,0.01770,1.00970,0.50310,0.14060,0.36360,0.64610,0.06460,0.71080,0.14550,0.56530,0.56530,0.56530,0.64720,0.64610,2.02700,2.06300,0.28000,0.27000,20.77800,98.27680,62.88760,62.88760,69.17780,55.01840,0.05420,6.07170,14.82300,3.05820,3.05820,2.98290,3.05820,9.11900,0.3413,0.4094
2024-03-31,0.14180,0.01430,0.12750,0.56300,,0.56420,-0.43660,0.05020,-0.38640,0.01490,-0.40130,-0.40130,-0.40130,-0.43550,-0.43660,1.99100,1.99100,-0.20000,-0.20000,24.38190,89.88430,-307.79640,-307.79640,-272.39390,-282.92690,0.00770,1.49180,60.32930,-2.22690,-2.22690,-2.18220,-2.22690,8.94850,-0.16970,-0.16970
2023-12-31,0.69040,0.02790,0.66250,0.30270,,0.30380,0.35870,0.05510,0.41380,0.17210,0.24160,0.24160,0.24160,0.35990,0.35870,1.97400,2.01100,0.12000,0.12000,18.95410,95.95880,51.95560,51.95560,59.92960,34.99840,0.03670,6.59180,13.65330,1.31910,1.31910,1.28440,1.31910,9.20040,0.3256,0.3346
2023-09-30,0.25900,0.00790,0.25110,0.24630,,0.24730,0.00380,0.04380,0.04760,0.01190,0.03570,0.03570,0.03570,0.00530,0.00380,1.97400,2.28500,0.02000,0.02000,74.08340,96.95600,1.47200,1.47200,18.39240,13.79450,0.01430,3.88270,23.18010,0.19790,0.19790,0.19660,0.19790,9.07900,0.0594,0.0513
2023-06-30,0.37040,0.01320,0.35720,0.25400,,0.25510,0.10210,0.03550,0.13760,0.03440,0.10320,0.10320,0.10320,0.10330,0.10210,1.97400,2.03700,0.05000,0.05000,74.00700,96.43020,27.56680,27.56680,37.16100,27.87080,0.02050,4.46020,20.17840,0.57620,0.57620,0.57240,0.57620,9.00800,0.0969,0.0946
2023-03-31,0.16580,0.01020,0.15560,0.64730,0.15000,0.49840,-0.34280,0.02600,-0.31690,-0.07920,-0.23760,-0.23760,-0.23760,-0.34170,-0.34280,1.97400,1.97400,-0.12000,-0.12000,46.83730,93.84960,-206.80790,-206.80790,-191.14810,-143.36160,0.00930,2.14130,42.03120,-1.34190,-1.34190,-1.32840,-1.34190,8.90360,-0.04580,0.03020
2022-12-31,0.28310,0.03620,0.24690,1.69490,0.01330,1.68470,-1.43780,0.01830,-1.41950,-0.42550,-0.99410,-0.99410,-0.99410,-1.43450,-1.43780,1.95800,1.95900,-0.50000,-0.50000,31.09530,87.20550,-507.82790,-507.82790,-501.37710,-351.09810,0.01600,2.23950,40.18670,-5.70630,-5.70630,-5.62010,-5.70630,8.82490,0.1219,0.1287
2022-09-30,0.33020,0.02140,0.30890,0.41120,0.00570,0.40620,-0.09740,0.00910,-0.08830,-0.03660,-0.05170,-0.05170,-0.05170,-0.09610,-0.09740,1.97300,1.97300,-0.03000,-0.03000,39.83020,93.53180,-29.48260,-29.48260,-26.72490,-15.65660,0.01920,3.38910,26.55560,-0.30750,-0.30750,-0.30050,-0.30750,8.51760,0.1609,0.1638
2022-06-30,0.31020,0.01760,0.29260,0.59730,,0.59790,-0.30530,0.00410,-0.30120,-0.02450,-0.27670,-0.27670,-0.27670,-0.30460,-0.30530,1.94600,1.94600,-0.14000,-0.14000,43.44770,94.33780,-98.42530,-98.42530,-97.10100,-89.19360,0.01830,2.11170,42.62010,-1.66510,-1.66510,-1.62890,-1.66510,8.46090,-0.0468,-0.0534
2022-03-31,0.18190,0.01110,0.17080,0.17230,,0.17290,-0.00200,0.00560,0.00360,-0.00110,0.00470,0.00470,0.00470,-0.00140,-0.00200,1.94200,1.94200,0.00000,0.00000,30.38950,93.89890,-1.11970,-1.11970,1.97510,2.60560,0.01070,3.77600,23.83500,0.02850,0.02850,0.02780,0.02850,8.55350,-0.02480,-0.02480
2021-12-31,0.20480,0.01500,0.18980,0.25900,0.17420,0.08540,0.10450,0.00690,0.11140,0.08170,0.02970,0.02970,0.02970,0.10500,0.10450,1.94200,1.94200,0.01000,0.01000,30.61920,92.69060,50.99720,50.99720,54.38270,14.49340,0.01200,4.03670,22.29560,0.17880,0.17880,0.17410,0.17880,8.55110,-0.1029,0.0118
2021-09-30,0.17350,0.01550,0.15800,0.14110,0.26130,-0.11970,0.27770,0.00360,0.28130,0.09280,0.18850,0.18850,0.18850,0.27830,0.27770,1.94200,1.94200,0.10000,0.10000,24.70300,91.05770,160.01520,160.01520,162.10230,108.62190,0.01020,2.88220,31.22670,1.13720,1.13720,1.10320,1.13720,8.53580,0.0001,0.1345
2021-06-30,0.21130,0.01370,0.19760,0.14830,0.18400,-0.03520,0.23280,0.00480,0.23760,0.06330,0.17430,0.17430,0.17430,0.23370,0.23280,1.94200,1.94200,0.09000,0.09000,25.95620,93.51650,110.18710,110.18710,112.45260,82.50970,0.01250,4.58030,19.64950,1.06390,1.06390,1.03320,1.06390,8.43870,0.0447,0.1518
2021-03-31,0.15490,0.00920,0.14570,0.10310,0.40620,-0.30270,0.44830,0.00470,0.45300,0.02620,0.42680,0.42680,0.42680,0.44890,0.44830,1.94200,1.94200,0.22000,0.22000,25.64620,94.07330,289.47480,289.47480,292.48750,275.57980,0.00930,1.62800,55.28390,2.63240,2.63240,2.55630,2.63240,8.34890,-0.07770,0.19900
2020-12-31,0.14200,0.00760,0.13440,0.14760,0.05930,0.08870,0.04570,0.00400,0.04970,0.03050,0.01920,0.01920,0.01920,0.04650,0.04570,1.94200,1.94200,0.00000,0.00000,20.66970,94.66250,32.16230,32.16230,34.97960,13.48950,0.00870,1.44150,62.43290,0.12130,0.12130,0.11740,0.12130,8.12920,-0.0187,0.012
2020-09-30,0.16080,0.00610,0.15480,0.12140,0.04130,0.08140,0.07330,0.00690,0.08020,0.03020,0.05010,0.05010,0.05010,0.07520,0.07330,1.94200,1.94200,0.03000,0.03000,19.33410,96.21370,45.59200,45.59200,49.89060,31.12000,0.00990,2.00530,44.88190,0.31740,0.31740,0.30670,0.31740,8.11930,0.0435,0.0667
2020-06-30,0.18870,0.01210,0.17660,0.19310,0.22080,-0.02750,0.20410,0.03040,0.23450,0.02270,0.21180,0.21180,0.21180,0.20440,0.20410,1.94250,1.94250,0.11000,0.11000,20.67110,93.59610,108.15860,108.15860,124.25900,112.23810,0.01160,2.37670,37.86740,1.34750,1.34750,1.30380,1.34750,8.09350,0.0362,0.1501
2020-03-31,0.18040,0.01420,0.16620,0.14310,0.03310,0.11020,0.05600,0.01790,0.07380,0.01540,0.05840,0.05840,0.05840,0.05630,0.05600,1.94250,1.94250,0.03000,0.03000,22.19880,92.13490,31.01870,31.01870,40.92780,32.36410,0.01130,2.32210,38.75830,0.37650,0.37650,0.36490,0.37650,7.98450,0.01120,0.02830
2019-12-31,0.21270,0.01590,0.19680,0.14730,,0.14740,0.04930,0.02510,0.07440,0.01140,0.06300,0.06300,0.06300,0.04990,0.04930,1.94200,1.94200,0.04000,0.04000,29.11230,92.54220,23.18730,23.18730,34.97140,29.61240,0.01340,2.06890,43.50200,0.40760,0.40760,0.39700,0.40760,7.95440,0.0615,0.0615
2019-09-30,0.22830,0.03010,0.19830,0.14320,,0.14370,0.05460,0.02850,0.08310,0.02510,0.05800,0.05800,0.05800,0.05520,0.05460,1.94200,1.94200,0.03000,0.03000,28.92900,86.83130,23.89580,23.89580,36.38260,25.38790,0.01450,2.04990,43.90410,0.37680,0.37680,0.36690,0.37680,7.92200,0.0652,0.0652
2019-06-30,0.21680,0.01440,0.20240,0.20840,0.00500,0.20400,-0.00160,0.02950,0.02790,0.00460,0.02330,0.02330,0.02330,-0.00110,-0.00160,1.94250,1.94250,0.01000,0.01000,32.53710,93.33740,-0.74950,-0.74950,12.85100,10.73350,0.01380,2.67000,33.70770,0.15180,0.15180,0.14820,0.15180,7.89210,-0.0058,0.006
2019-03-31,0.15350,0.01950,0.13400,0.12000,0.07590,0.04460,0.08940,0.02650,0.11590,0.01020,0.10570,0.10570,0.10570,0.09000,0.08940,1.94250,1.94250,0.05000,0.05000,30.73450,87.29500,58.22450,58.22450,75.50680,68.88480,0.00980,2.61790,34.37920,0.69080,0.69080,0.67400,0.69080,7.88010,-0.02060,0.02380
2018-12-31,0.19630,0.00830,0.18800,0.17090,0.00000,0.17140,0.01670,0.04530,0.06200,0.02140,0.04060,0.04060,-0.19250,0.00510,0.01670,1.94200,1.94200,0.02000,0.02000,25.97150,95.76300,8.48170,8.48170,31.56690,-98.04680,0.01260,1.65740,54.30240,0.26710,0.26710,0.26020,0.26710,7.82570,0.0739,0.0868
2018-09-30,0.25770,0.04440,0.21330,0.13640,,0.13740,0.07590,0.02630,0.10220,0.01680,0.08540,0.08540,0.08540,0.07610,0.07590,1.94200,1.94200,0.04000,0.04000,24.52280,82.78440,29.45950,29.45950,39.66570,33.13980,0.01660,2.13950,42.06560,0.56340,0.56340,0.55020,0.56340,7.80480,0.0479,0.0276
2018-06-30,0.39400,0.03560,0.35840,0.13370,0.00330,0.13060,0.22780,0.01300,0.24080,0.08910,0.15170,0.15170,0.15170,0.23420,0.22780,1.94200,1.94200,0.08000,0.08000,24.86050,90.96930,57.81270,57.81270,61.10020,38.50030,0.02560,4.22890,21.28230,1.00660,1.00660,0.98380,1.00660,7.76080,0.0251,0.0463
2018-03-31,0.34670,0.04420,0.30250,0.13260,0.87830,-0.74550,1.04800,0.01290,1.06090,0.22350,0.83740,0.83740,0.83740,1.05670,1.04800,1.94200,1.94200,0.43000,0.43000,10.39680,87.23950,302.27750,302.27750,306.00470,241.52670,0.02220,5.41520,16.61970,5.61240,5.61240,5.36580,5.61240,7.68270,-0.02250,0.46950
2017-12-31,0.35150,0.03430,0.31720,0.14340,0.00330,0.14060,0.17660,0.01290,0.18950,-0.02390,0.21350,0.21350,0.21350,0.19280,0.17660,1.94200,1.94200,0.11000,0.11000,20.31050,90.24910,50.25040,50.25040,53.92560,60.73210,0.02390,3.10870,28.95140,1.49110,1.49110,1.44980,1.49110,7.37160,0.0656,0.036
2017-09-30,0.19730,0.02890,0.16850,0.11620,0.02860,0.08790,0.08050,0.01150,0.09200,0.04070,0.05130,0.05130,0.05130,0.08080,0.08050,1.94200,1.94200,0.03000,0.03000,14.74600,85.36770,40.81780,40.81780,46.62810,25.99700,0.01350,2.68110,33.56800,0.36380,0.36380,0.35020,0.36380,7.26160,0.0591,0.033
2017-06-30,0.39700,0.04140,0.35560,0.10060,,0.10090,0.25480,0.01040,0.26510,0.05160,0.21350,0.21350,0.21350,0.25500,0.25480,1.94200,1.94200,0.11000,0.11000,28.58890,89.56510,64.16920,64.16920,66.77950,53.77260,0.02740,4.74790,18.95580,1.51930,1.51930,1.47290,1.51930,7.23520,0.1107,0.1106
2017-03-31,0.19880,0.03740,0.16140,0.13490,0.00290,0.13220,0.02920,0.01020,0.03940,-0.00520,0.04460,0.04460,0.04460,0.02940,0.02920,1.94200,1.94200,0.02000,0.02000,12.73110,81.20300,14.69430,14.69430,19.83190,22.44790,0.01370,2.41940,37.19970,0.32250,0.32250,0.30780,0.32250,7.12530,-0.02720,-0.03110
2016-12-31,0.22540,0.07660,0.14880,0.09400,,0.09240,0.05640,0.00420,0.06060,0.01360,0.04690,0.04690,0.04690,0.05490,0.05640,1.94200,1.94200,0.03000,0.03000,34.25310,66.03420,25.01120,25.01120,26.87540,20.82450,0.01560,3.61210,24.91660,0.33560,0.33560,0.32560,0.33560,7.20230,0.0503,0.047
2016-09-30,0.21000,0.03910,0.17100,0.15390,,0.15410,0.01680,0.01240,0.02920,0.00790,0.02140,0.02140,0.02140,0.01710,0.01680,1.94200,1.94200,0.01000,0.01000,34.02120,81.39100,8.01500,8.01500,13.91760,10.17460,0.01460,2.68360,33.53700,0.15330,0.15330,0.14860,0.15330,7.17820,0.0349,-1.0335
2016-06-30,0.13960,0.03360,0.10610,0.12780,,0.12770,-0.02170,0.00700,-0.01470,-0.01820,0.00360,0.00360,0.00360,-0.02170,-0.02170,1.94200,1.94200,0.00000,0.00000,43.25360,75.95170,-15.52830,-15.52830,-10.51140,2.55640,0.00970,2.50250,35.96440,0.02560,0.02560,0.02490,0.02560,7.16720,-0.0298,-0.157
2016-03-31,0.28830,0.01790,0.27040,0.13280,,0.13460,0.13580,0.01130,0.14720,0.04840,0.09880,0.09880,0.09880,0.13760,0.13580,1.94200,1.94200,0.05000,0.05000,34.28550,93.78340,47.11420,47.11420,51.04920,34.26680,0.02000,6.19790,14.52100,0.71000,0.71000,0.68640,0.71000,7.16530,0.08920,0.04840
2015-12-31,0.18060,0.01910,0.16150,0.11850,0.00000,0.11850,0.04300,0.00840,0.05140,0.01240,0.03890,0.03890,0.03890,0.04300,0.04300,1.94200,1.94200,0.02000,0.02000,113.98480,89.43170,23.80390,23.80390,28.42770,21.54300,0.01280,2.78960,32.26240,0.28180,0.28180,0.27490,0.28180,7.11110,-0.0034,-0.0035
2015-09-30,0.35320,0.02320,0.33000,0.13100,,0.13100,0.19900,0.00540,0.20450,0.06570,0.13870,0.13870,0.13870,0.19900,0.19900,1.94200,1.94200,0.07000,0.07000,17.12200,93.42330,56.34420,56.34420,57.88050,39.27060,0.02440,3.03230,29.68060,1.00730,1.00730,0.95930,1.00730,7.09110,0.129,-0.0078
2015-06-30,0.27530,0.02320,0.25210,0.13080,0.17090,-0.04000,0.29210,0.00500,0.29710,0.10070,0.19640,0.19640,0.19640,0.29210,0.29210,1.94200,1.94200,0.10000,0.10000,76.81070,91.56250,106.09530,106.09530,107.92310,71.33580,0.01960,2.05580,43.77850,1.44060,1.44060,1.40100,1.44060,7.01960,0.0423,0.2586
2015-03-31,0.25290,0.01700,0.23590,0.12080,0.00150,0.11930,0.11660,0.00430,0.12090,0.03190,0.08900,0.08900,0.08900,0.11660,0.11660,1.94200,1.94200,0.05000,0.05000,30.55580,93.26050,46.09770,46.09770,47.79650,35.19160,0.01810,1.98430,45.35670,0.65970,0.65970,0.63750,0.65970,6.94850,0.05970,-0.07220
2014-12-31,0.49250,0.08920,0.40330,0.12770,,0.08040,0.32290,0.00470,0.32760,0.10720,0.22040,0.22040,0.22040,0.28220,0.32290,1.94200,1.94200,0.11000,0.11000,115.97710,81.88010,65.56660,65.56670,66.51990,44.75070,0.03560,3.36380,26.75560,1.62760,1.62760,1.59400,1.62760,6.97270,0.1086,0.1015
2014-09-30,1.03820,0.04220,0.99600,0.13120,,0.16270,0.83330,0.00440,0.83770,0.29510,0.54260,0.54260,0.54260,0.86480,0.83330,1.94200,1.94200,0.28000,0.28000,63.34160,95.93490,80.26780,80.26780,80.68960,52.26460,0.07530,5.87760,15.31250,4.03570,4.03570,3.93740,4.03570,6.92340,0.386,0.2411
2014-06-30,0.46970,0.02680,0.44290,0.14830,,0.16220,0.28070,0.00380,0.28450,0.08380,0.20070,0.20070,0.20070,0.29450,0.28070,1.94200,1.94200,0.10000,0.10000,112.23570,94.28440,59.76400,59.76400,60.56480,42.72830,0.03540,2.73680,32.88570,1.53940,1.53940,1.51100,1.53940,6.71400,0.0494,-0.1624
2014-03-31,0.61830,0.02490,0.59340,0.11960,,0.12130,0.47210,0.00410,0.47620,0.15500,0.32120,0.32120,0.32120,0.47380,0.47210,1.94200,1.94200,0.17000,0.17000,25.65320,95.97020,76.35580,76.35580,77.01420,51.94130,0.04600,3.61110,24.92320,2.47540,2.47540,2.38740,2.47540,6.68060,0.19770,0.19470
2013-12-31,0.53990,0.02930,0.51060,0.12520,,0.21050,0.30010,0.00410,0.30410,0.08800,0.21610,0.21610,0.21610,0.38540,0.30010,1.94200,1.94200,0.11000,0.11000,94.60210,94.58130,55.58470,55.58470,56.33660,40.02710,0.04140,2.36760,38.01260,1.68970,1.68970,1.65630,1.68970,6.58530,0.2115,0.0799
2013-09-30,0.58240,0.04150,0.54090,0.12270,,0.12440,0.41650,0.00490,0.42140,0.12770,0.29370,0.29370,0.29370,0.41820,0.41650,1.94200,1.94200,0.15000,0.15000,87.13240,92.87020,71.51890,71.51890,72.36050,50.42760,0.04490,2.13610,42.13260,2.31100,2.31100,2.26370,2.31100,6.54400,0.1177,0.1177
2013-06-30,0.45600,0.02090,0.43510,0.11800,,0.12490,0.31030,0.00260,0.31280,0.09640,0.21650,0.21650,0.21650,0.31710,0.31030,1.94200,1.94200,0.11000,0.11000,121.48320,95.41960,68.03710,68.03710,68.60310,47.46660,0.03570,2.99800,30.02050,1.72460,1.72460,1.69220,1.72460,6.46280,0.1565,0.1564
2013-03-31,0.53560,0.04840,0.48720,0.13740,,0.14540,0.34180,0.00540,0.34720,0.10370,0.24350,0.24350,0.24350,0.34970,0.34180,1.94200,1.94200,0.13000,0.13000,33.41320,90.96260,63.81730,63.81730,64.83170,45.47370,0.04160,2.22530,40.44400,1.95300,1.95300,1.89270,1.95300,6.42140,0.12110,0.11990
2012-12-31,0.79600,0.03990,0.75610,0.13680,,0.14410,0.61200,0.00500,0.61690,0.19940,0.41750,0.41750,0.84900,0.61930,0.61200,1.94200,1.94200,0.43000,0.43000,168.87560,94.99100,76.88270,76.88280,77.50640,106.66720,0.06320,3.04980,29.51050,3.37700,3.37700,3.31720,3.37700,6.36600,0.4424,0.4423
2012-09-30,0.72670,0.07650,0.65020,0.12710,,0.13190,0.51830,0.00470,0.52300,0.16590,0.35720,0.35720,0.35720,0.52310,0.51830,1.94200,1.94200,0.18000,0.18000,60.21410,89.47420,71.32570,71.32570,71.97410,49.15040,0.06090,2.41540,37.26120,3.06580,3.06580,2.99250,3.06580,5.99880,0.1758,0.1079
2012-06-30,0.80530,0.06500,0.74020,0.11550,,0.11720,0.62310,0.00480,0.62790,0.20920,0.41860,0.41860,0.41860,0.62470,0.62310,1.94200,1.94200,0.22000,0.22000,96.17690,91.92270,77.37990,77.37990,77.97120,51.98880,0.06910,3.66400,24.56300,3.66580,3.66580,3.59030,3.66580,5.88070,0.07,0.0702
2012-03-31,0.93510,0.07400,0.86110,0.10150,,0.10360,0.75750,0.12450,0.88200,0.27030,0.61180,0.61180,0.61180,0.75960,0.75750,1.94200,1.94200,0.32000,0.32000,12.02310,92.08480,81.00670,81.00670,94.32470,65.42250,0.07890,3.04080,29.59760,5.49280,5.49280,5.16170,5.49280,5.73520,0.33450,0.41400
2011-12-31,0.65150,0.06290,0.58860,0.09770,,0.11260,0.47600,0.01140,0.48740,0.17670,0.31070,0.31070,0.31070,0.49080,0.47600,1.94200,1.94200,0.16000,0.16000,32.51640,90.34210,73.06300,73.06300,74.80810,47.68320,0.05930,2.35870,38.15690,2.91370,2.91370,2.82550,2.91370,5.49020,0.1588,-0.4759
2011-09-30,0.67090,0.05880,0.61210,0.09970,,0.13000,0.48210,0.02440,0.50650,0.16110,0.34540,0.34540,0.34540,0.51230,0.48210,1.94200,1.94200,0.18000,0.18000,38.94230,91.23110,71.86540,71.86540,75.49630,51.48190,0.06200,2.84830,31.59760,3.29340,3.29340,3.19100,3.29340,5.40020,0.2542,0.2174
2011-06-30,0.35560,0.03570,0.31990,0.12820,,0.12890,0.19100,0.01490,0.20590,0.04200,0.16390,0.16390,0.16390,0.19170,0.19100,1.94200,1.94200,0.08000,0.08000,92.09820,89.96070,53.70220,53.70220,57.90390,46.10260,0.03380,2.06100,43.66910,1.59360,1.59360,1.55720,1.59360,5.29710,0.0349,0.0348
2011-03-31,0.30690,0.03310,0.27380,0.09170,,0.11230,0.16160,0.01540,0.17690,0.04510,0.13180,0.13180,0.13180,0.18210,0.16160,1.94200,1.94200,0.07000,0.07000,26.63070,89.20130,52.64220,52.64220,57.64700,42.94010,0.02890,2.00920,44.79330,1.28680,1.28680,1.23980,1.28680,5.27170,0.07140,-0.20290
2010-12-31,0.43990,0.03560,0.40430,0.10970,,0.07930,0.32500,0.18660,0.51150,0.17410,0.33750,0.33750,0.33750,0.29460,0.32500,1.94200,1.94200,0.16000,0.16000,96.39670,91.91400,73.87680,73.87680,116.28520,76.71690,0.04190,2.93670,30.64630,3.29370,3.29370,3.21810,3.29370,5.27610,0.0506,0.0435
2010-09-30,0.33300,0.03070,0.30230,0.09880,,0.12380,0.17850,-0.02210,0.15630,0.02960,0.12670,0.12670,0.12670,0.20350,0.17850,1.94200,1.94200,0.07000,0.07000,40.84480,90.77370,53.59080,53.59080,46.94170,38.04660,0.03200,2.11320,42.58890,1.25060,1.25060,1.21640,1.25060,5.21650,0.1207,0.1207
2010-06-30,0.53740,0.04210,0.49530,0.11100,,0.17710,0.31820,0.05030,0.36860,0.10040,0.26810,0.26810,0.26810,0.38430,0.31820,1.94200,1.94200,0.14000,0.14000,48.50040,92.16450,59.21710,59.21710,68.58050,49.89430,0.05220,2.57020,35.01690,2.67300,2.67300,2.60350,2.67300,5.16550,0.1285,-0.1805
2010-03-31,0.36100,0.02910,0.33190,0.09150,,0.09470,0.23720,0.02220,0.25940,0.07480,0.18460,0.18460,0.18460,0.24040,0.23720,1.94200,1.94200,0.10000,0.10000,16.92830,91.94030,65.70260,65.70260,71.83810,51.12120,0.03460,1.92640,46.72030,1.84830,1.84830,1.76640,1.84830,5.14180,0.09910,0.09860
2009-12-31,0.42830,0.05140,0.37700,0.09010,,0.13360,0.24340,0.02460,0.26800,0.07520,0.19280,0.19280,0.19280,0.28690,0.24340,1.94200,1.94200,0.10000,0.10000,78.32720,88.01180,56.81820,56.81820,62.57160,45.02190,0.04220,2.63830,34.11330,1.94770,1.94770,1.90080,1.94770,5.09840,0.1427,0.1211
2009-09-30,0.48880,0.07240,0.41640,0.10280,,0.10480,0.31150,0.01150,0.32300,0.09650,0.22650,0.22650,0.22650,0.31360,0.31150,1.94200,1.94200,0.12000,0.12000,91.79280,85.19650,63.73730,63.73730,66.08860,46.34860,0.04860,2.85150,31.56250,2.30660,2.30660,2.25060,2.30660,5.05740,0.1747,0.1693
2009-06-30,0.30160,0.03220,0.26940,0.10060,,0.10250,0.16690,0.01570,0.18270,0.05360,0.12910,0.12910,0.12910,0.16880,0.16690,1.94200,1.94200,0.07000,0.07000,151.35270,89.32270,55.34250,55.34250,60.55780,42.79640,0.03040,2.00110,44.97420,1.33080,1.33080,1.30090,1.33080,4.99510,-0.0598,-0.0412
2009-03-31,0.50340,0.05730,0.44600,0.08470,,0.08680,0.35930,0.02150,0.38080,0.08240,0.29840,0.29840,0.29840,0.36130,0.35930,1.94200,1.94200,0.15000,0.15000,23.10300,88.60910,71.38180,71.38180,75.65510,59.28250,0.04970,3.39040,26.54520,3.08610,3.08610,2.94520,3.08610,4.97910,0.24250,0.23760
