Date,revenue,cost-goods-sold,gross-profit,research-development-expenses,selling-general-administrative-expenses,other-operating-income-expenses,operating-expenses,operating-income,total-non-operating-income-expense,pre-tax-income,total-provision-income-taxes,income-after-taxes,income-from-continuous-operations,income-from-discontinued-operations,net-income,ebitda,ebit,basic-shares-outstanding,shares-outstanding,eps-basic-net-earnings-per-share,eps-earnings-per-share-diluted,current-ratio,long-term-debt-capital,debt-equity-ratio,gross-margin,operating-margin,ebit-margin,pre-tax-profit-margin,net-profit-margin,asset-turnover,inventory-turnover,receiveable-turnover,days-sales-in-receivables,roe,return-on-tangible-equity,roa,roi,book-value-per-share,operating-cash-flow-per-share,free-cash-flow-per-share
2024-09-30,242.27400,167.53100,74.74300,6.10200,50.28900,,63.93800,10.80500,-30.75600,-19.95100,-4.90800,-15.04300,-15.04300,,-15.04300,23.61500,10.80500,28.86900,28.86900,-0.52000,-0.52000,2.03670,0.33420,0.55860,30.85060,4.45980,4.45980,-8.23490,-6.20910,0.13630,0.83330,1.41960,63.40020,-1.67870,7.61860,-0.84660,-1.11760,31.17410,0.3218,0.1321
2024-06-30,239.72600,150.69600,89.03000,6.16600,54.21700,,67.88300,21.14700,-9.09700,12.05000,3.42100,8.62900,8.62900,,8.62900,33.60900,21.14700,28.83400,29.12700,0.30000,0.30000,2.06610,0.34170,0.57620,37.13820,8.82130,8.82130,5.02660,3.59950,0.13460,0.75010,1.43680,62.63800,0.97410,-4.30770,0.48430,0.64130,30.68680,-0.36930,-0.52830
2024-03-31,265.50500,171.18900,94.31590,7.06000,54.29400,,68.87900,25.43700,-11.13100,14.30600,2.49700,11.80900,11.80900,,11.80900,37.95100,25.43690,28.72800,29.02600,0.41000,0.40000,1.96420,0.35220,0.60110,35.52330,9.58060,9.58060,5.38820,4.44780,0.14540,0.91990,1.55100,58.02810,1.33880,-5.52070,0.64670,0.86730,30.62830,1.3289,1.0374
2023-12-31,254.14300,160.24600,93.89700,6.69200,52.80700,,66.98500,26.91200,-13.27300,13.63900,3.91100,9.72800,9.72800,,9.72800,39.10400,26.91200,28.74400,28.99100,0.34000,0.34000,1.91750,0.36240,0.62620,36.94650,10.58930,10.58930,5.36670,3.82780,0.13680,0.78400,1.46560,61.41030,1.10740,-3.94950,0.52380,0.70600,30.54900,1.0054,0.7979
2023-09-30,258.40000,158.42400,99.97600,6.54100,52.57600,,66.62500,33.35100,-12.43800,20.91300,5.10000,15.81300,15.81300,,15.81300,45.56600,33.35100,28.72500,29.00100,0.55000,0.55000,1.93920,0.37580,0.66140,38.69040,12.90670,12.90670,8.09330,6.11960,0.14140,0.77280,1.55300,57.95320,1.85160,-6.05950,0.86530,1.15580,29.71770,0.5775,0.404
2023-06-30,235.49200,148.84300,86.64900,5.90000,52.42400,,65.20100,21.44800,-8.77900,12.66900,3.39400,9.27500,9.27500,,9.27500,32.82100,21.44800,28.66200,28.90600,0.32000,0.32000,1.94840,0.38900,0.68450,36.79490,9.10770,9.10770,5.37980,3.93860,0.12660,0.72700,1.42680,63.07860,1.09510,-3.14900,0.49880,0.66910,29.50250,-0.59670,-0.77910
2023-03-31,253.84300,162.61700,91.22600,5.50500,51.68800,,63.75300,27.47300,-6.07900,21.39400,7.49900,13.89500,13.89500,,13.89500,38.47000,27.47300,28.60000,28.81800,0.49000,0.48000,2.05350,0.34080,0.56560,35.93800,10.82280,10.82280,8.42800,5.47390,0.14950,0.90670,1.67610,53.69690,1.66650,-8.01470,0.81810,1.09860,29.14150,2.3149,2.207
2022-12-31,230.37000,148.32600,82.04400,4.83900,50.56700,,61.86500,20.17900,-3.44900,16.73000,4.70100,12.02900,12.02900,,12.02900,31.09700,20.17900,28.62600,28.77800,0.42000,0.42000,2.15200,0.35220,0.59380,35.61400,8.75940,8.75940,7.26220,5.22160,0.13970,0.73920,1.56810,57.39380,1.48340,-6.03840,0.72930,0.96090,28.34460,0.3734,0.2269
2022-09-30,231.74000,145.43000,86.31000,5.46100,47.03000,,58.93800,27.37200,-8.30500,19.06700,4.95300,14.11400,14.11400,,14.11400,38.22600,27.37200,28.61900,28.74800,0.49000,0.49000,2.06980,0.36500,0.62650,37.24430,11.81150,11.81150,8.22780,6.09040,0.14220,0.75430,1.65180,54.48700,1.79940,-6.76370,0.86630,1.14260,27.39820,0.6034,0.5353
2022-06-30,220.28700,137.76800,82.51900,5.13000,48.03700,,59.70200,22.81700,-5.53300,17.28400,8.89300,8.39100,8.39100,,8.39100,33.71600,22.81700,28.54400,28.69900,0.29000,0.29000,2.01890,0.37280,0.64670,37.45980,10.35790,10.35790,7.84610,3.80910,0.13480,0.72770,1.65620,54.34070,1.08250,-3.43630,0.51330,0.67890,27.11560,-0.38950,-0.49240
2022-03-31,253.36800,167.89300,85.47500,4.06800,50.71300,,61.41610,24.05890,-6.07900,17.98000,6.15400,11.82600,11.82600,,11.82600,35.16690,24.05890,28.04000,28.40100,0.45000,0.44000,1.86920,0.37850,0.66150,33.73550,9.49560,9.49570,7.09640,4.66750,0.15030,0.97530,1.71760,52.39950,1.53030,-4.43200,0.70150,0.95100,27.09970,0.8984,0.7668
2021-12-31,216.08800,141.03100,75.05700,3.87500,49.61200,,59.74100,15.31600,-4.35600,10.96000,1.06600,9.89400,9.89400,,9.89400,25.99900,15.31600,28.46900,28.84000,0.35000,0.34000,1.90960,0.39190,0.69890,34.73450,7.08790,7.08790,5.07200,4.57870,0.12930,0.80540,1.71660,52.42820,1.32690,-3.17110,0.59190,0.80690,26.17000,0.1988,0.1039
2021-09-30,223.63500,142.50000,81.13500,3.82500,47.36500,,57.47500,23.66000,-4.37400,19.28600,4.08300,15.20300,15.20300,,15.20300,34.55800,23.66000,28.41800,28.75600,0.53000,0.53000,1.72060,0.34820,0.61650,36.28010,10.57970,10.57970,8.62390,6.79810,0.14100,0.96330,1.78260,50.48670,2.06800,-5.57150,0.95860,1.34790,25.85040,0.9003,0.8179
2021-06-30,213.46400,139.40100,74.06300,3.58300,53.62500,,63.31700,10.74600,-20.52600,-9.78000,-2.51700,-7.26300,-7.26300,,-7.26300,21.68400,10.74600,26.76200,26.76200,-0.27000,-0.27000,1.55850,0.35500,0.63400,34.69580,5.03410,5.03410,-4.58160,-3.40240,0.13510,1.00540,1.73310,51.92970,-1.00260,2.42630,-0.45950,-0.64660,25.53770,-0.27640,-0.41270
2021-03-31,186.23500,122.14700,64.08810,3.70200,43.01300,,49.88890,14.19910,-3.25200,10.94700,1.36200,9.58500,9.58500,,9.58500,21.80910,14.19910,23.89700,24.17300,0.39000,0.40000,2.40320,0.31560,0.46960,34.41240,7.62430,7.62430,5.87810,5.14670,0.16190,1.09560,1.76590,50.96660,1.80800,-66.61350,0.83320,1.23730,22.10430,1.118,0.8534
2020-12-31,166.54700,111.23200,55.31500,3.03800,38.68800,,44.86800,10.44700,-3.23700,7.21000,0.61600,6.59400,6.59400,,6.59400,18.09900,10.44700,23.92800,24.20100,0.28000,0.27000,2.87350,0.33010,0.50180,33.21280,6.27270,6.27270,4.32910,3.95920,0.14520,0.98050,1.76840,50.89210,1.32590,-10.39870,0.57470,0.88820,20.74690,1.0074,0.8952
2020-09-30,157.79000,101.76500,56.02500,2.89600,34.11700,,40.20500,15.82000,-19.96900,-4.14900,-0.04500,-4.10400,-4.10400,,-4.10400,23.61100,15.82000,23.88300,23.88300,-0.17000,-0.17000,2.62630,0.33860,0.57320,35.50610,10.02600,10.02600,-2.62940,-2.60090,0.13940,0.90780,1.70510,52.78280,-0.85510,5.83480,-0.36260,-0.56560,20.08350,1.5657,1.4561
2020-06-30,139.07000,94.27300,44.79700,2.76900,37.12400,,43.00800,1.78900,-5.72100,-3.93200,-0.96300,-2.96900,-2.96900,,-2.96900,9.53500,1.78900,23.80200,23.80200,-0.12000,-0.12000,2.45150,0.34550,0.59090,32.21180,1.28640,1.28640,-2.82740,-2.13490,0.12610,0.75680,1.44170,62.42730,-0.63630,4.04380,-0.26930,-0.41650,19.56320,0.39980,0.62140
2020-03-31,189.48600,123.27700,66.20900,2.89100,43.42000,,49.54500,16.66400,-2.47300,14.19100,4.94700,9.24400,9.24400,,9.24400,24.67200,16.66400,23.61900,23.85500,0.40000,0.40000,2.46420,0.34750,0.54210,34.94140,8.79430,8.79430,7.48920,4.87850,0.17330,0.96780,1.53130,58.77410,1.99400,-12.48240,0.84550,1.30120,19.50130,1.5534,1.4394
2019-12-31,199.35500,131.48300,67.87200,2.62800,41.12900,,46.98600,20.88600,-3.40200,17.48400,2.23400,15.25000,15.25000,,15.25000,28.58500,20.88600,23.67900,24.03100,0.64000,0.63000,1.76010,0.27840,0.52000,34.04580,10.47680,10.47680,8.77030,7.64970,0.18460,0.97070,1.58990,56.60630,3.14840,-24.75410,1.41220,2.27190,20.43830,1.3402,1.2613
2019-09-30,207.60900,134.11600,73.49300,2.99900,42.03000,-0.00700,48.26200,25.23100,-3.49100,21.74000,5.14100,16.59900,16.59900,,16.59900,33.23700,25.23100,23.63100,23.92600,0.70000,0.69000,1.72680,0.30790,0.58510,35.39970,12.15310,12.15310,10.47160,7.99530,0.19380,0.94160,1.59730,56.34640,3.57880,-21.69890,1.54930,2.47680,19.60260,1.674,1.5496
2019-06-30,212.71200,137.10000,75.61200,2.79200,42.35500,-0.16900,48.56900,27.04300,-3.30200,23.74100,5.16200,18.57900,18.57900,,18.57900,35.11100,27.04300,23.43100,23.77700,0.79000,0.78000,1.74670,0.33300,0.64300,35.54670,12.71340,12.71340,11.16110,8.73430,0.19510,0.90810,1.57000,57.32600,4.10770,-17.77590,1.70380,2.73970,19.21790,-0.09080,-0.16670
2019-03-31,216.73300,140.68800,76.04500,3.35400,45.65900,0.97800,51.57700,24.46800,-3.86700,20.60100,0.86000,19.74100,19.74100,,19.74100,33.04300,24.46800,23.27600,23.66000,0.85000,0.83000,1.71620,0.35310,0.69650,35.08700,11.28950,11.28950,9.50520,9.10840,0.20420,0.96190,1.67810,53.63340,4.57860,-15.84390,1.85960,2.96200,18.43270,1.056,0.8464
2018-12-31,217.41500,144.01000,73.40500,3.27100,44.23700,-15.55000,66.75900,6.64600,-4.31700,2.32900,3.11100,-0.78200,-0.78200,,-0.78200,15.21100,6.64600,23.34800,23.34800,-0.03000,-0.03000,1.78120,0.37730,0.74880,33.76260,3.05680,3.05680,1.07120,-0.35970,0.20460,0.96190,1.76170,51.08660,-0.18600,0.53610,-0.07360,-0.11580,18.00330,1.141,1.0356
2018-09-30,217.14200,141.24200,75.90000,3.11800,44.20300,,51.07500,24.82500,-4.33700,20.48800,4.57600,15.91200,15.91200,,15.91200,33.51800,24.82500,23.27200,23.72100,0.68000,0.67000,1.85310,0.39690,0.79970,34.95410,11.43260,11.43260,9.43530,7.32790,0.19670,0.89220,1.64380,54.75140,3.75030,-10.62890,1.44130,2.26170,18.17380,0.8193,0.7138
2018-06-30,224.99200,145.34500,79.64700,3.74800,47.39300,-11.10000,66.14400,13.50300,-4.02300,9.48000,1.77400,7.70600,7.70600,,7.70600,23.00000,13.50300,23.11500,23.61000,0.33000,0.33000,1.83600,0.41770,0.86390,35.39990,6.00150,6.00150,4.21350,3.42500,0.20310,0.93370,1.73320,51.92790,1.88150,-4.52070,0.69580,1.09560,17.61810,0.34380,0.25230
2018-03-31,214.14000,138.10100,76.03900,3.67900,52.54800,,60.23200,15.80700,-4.74300,11.06400,2.59800,8.46600,8.46600,,8.46600,25.74200,15.80700,22.84100,23.33500,0.36000,0.36000,1.74060,0.42620,0.89000,35.50900,7.38160,7.38160,5.16670,3.95350,0.18740,0.90330,1.67550,53.71510,2.07380,-4.17110,0.74100,1.18990,17.71440,0.758,0.5438
2017-12-31,208.72500,140.02900,68.69600,3.29300,47.78500,,54.98600,13.71000,-4.39800,9.31200,19.87700,-10.56500,-10.56500,,-10.56500,23.51000,13.71000,23.00700,23.00700,-0.46000,-0.46000,1.80740,0.45280,0.98420,32.91220,6.56840,6.56840,4.46140,-5.06170,0.18450,0.96770,1.69050,53.23720,-2.75160,4.78030,-0.93410,-1.50560,16.68320,0.7243,0.5792
2017-09-30,212.82800,141.49100,71.33700,3.72300,44.47500,,52.11800,19.21900,-4.66100,14.55800,2.05000,12.50800,12.50800,,12.50800,28.97700,19.21900,22.74600,23.14200,0.55000,0.54000,1.95770,0.46970,1.01410,33.51860,9.03030,9.03030,6.84030,5.87700,0.18580,1.01550,1.68370,53.45500,3.23370,-5.78570,1.09180,1.71500,16.82100,0.8759,0.6969
2017-06-30,203.72600,134.73700,68.98900,2.92200,42.75300,,49.39400,19.59500,-4.84400,14.75100,3.09500,11.65600,11.65600,,11.65600,28.91900,19.59500,22.58000,23.02800,0.52000,0.51000,1.93160,0.49600,1.12100,33.86360,9.61830,9.61830,7.24060,5.72140,0.18090,0.99590,1.70140,52.89710,3.20240,-5.04320,1.03480,1.61410,16.10660,0.62710,0.54330
2017-03-31,183.68800,133.40000,50.28800,2.95600,48.79400,,55.70000,-5.41200,-3.01400,-8.42600,-3.68800,-4.73800,-4.73800,,-4.73800,2.55500,-5.41200,20.59100,20.88800,-0.24000,-0.24000,1.78550,0.51930,1.23430,27.37690,-2.94630,-2.94630,-4.58710,-2.57940,0.16490,1.02110,1.64640,54.66450,-1.38800,2.02360,-0.42540,-0.66720,15.12670,0.526,0.3883
2016-12-31,152.49700,107.67600,44.82100,2.54500,35.19400,,39.50400,5.31700,-3.80100,1.51600,1.01100,0.50500,0.50500,,0.50500,11.25500,5.31700,20.23900,20.49000,0.02000,0.02000,2.72310,0.43060,0.80090,29.39140,3.48660,3.48660,0.99410,0.33120,0.21020,0.98670,2.03730,44.17640,0.17280,7.41780,0.06960,0.09840,14.43780,1.1087,0.9734
2016-09-30,151.92500,102.19600,49.72900,2.48200,32.86300,,37.11000,12.61900,-2.16900,10.45000,3.63400,6.81600,6.81600,,6.81600,18.71800,12.61900,20.20200,20.36800,0.34000,0.33000,2.08380,0.39720,0.80310,32.73260,8.30610,8.30610,6.87840,4.48640,0.20540,0.87950,1.89080,47.59970,2.28280,76.69610,0.92140,1.37600,14.75730,0.9038,0.7011
2016-06-30,149.01300,100.96600,48.04700,2.49900,32.59700,,36.84600,11.20100,-1.71400,9.48700,3.08600,6.40100,6.40100,,6.40100,17.37400,11.20100,20.13500,20.26600,0.32000,0.32000,2.06660,0.41550,0.86340,32.24350,7.51680,7.51680,6.36660,4.29560,0.20040,0.84930,1.88470,47.75200,2.20640,-16847.23000,0.86100,1.28970,14.38770,0.35550,0.14330
2016-03-31,155.08800,106.69500,48.39310,,27.44300,,36.58390,11.80910,-2.95300,8.85600,2.96700,5.88900,5.88900,,5.88900,18.64010,11.80910,20.07900,20.31500,0.29000,0.28000,2.05810,0.43940,0.93480,31.20360,7.61450,7.61440,5.71030,3.79720,0.20070,0.90380,1.85040,48.63740,2.05690,-90.10130,0.76200,1.15310,14.23710,0.9702,0.6361
2015-12-31,159.73800,111.39700,48.34100,,35.69400,,37.38300,10.95800,-2.54800,8.41000,1.18300,7.22700,7.22700,,7.22700,16.48100,10.95800,20.10400,20.29500,0.36000,0.36000,2.06190,0.45530,0.99850,30.26270,6.86000,6.86000,5.26490,4.52430,0.20720,0.93690,1.95540,46.02600,2.56730,-30.41280,0.93740,1.39840,14.00010,1.4162,1.0851
2015-09-30,146.04100,99.09600,46.94500,,39.43900,,40.43300,6.51200,-2.60700,3.90500,4.35300,-0.44800,-0.44800,,-0.44800,11.19800,6.51200,20.08600,20.08600,-0.02000,-0.02000,2.02380,0.47020,1.07950,32.14510,4.45900,4.45900,2.67390,-0.30680,0.18510,0.78790,1.57660,57.08340,-0.16160,1.28110,-0.05680,-0.08560,13.79470,0.0467,-0.1851
2015-06-30,136.23600,92.65200,43.58400,,31.70000,,32.29300,11.29100,-0.83800,10.45300,3.54200,6.91100,6.91100,,6.91100,15.38200,11.29100,20.02200,20.22900,0.35000,0.34000,2.96030,0.28230,0.44090,31.99150,8.28780,8.28780,7.67270,5.07280,0.24410,0.83550,1.89380,47.52420,2.46700,4.97290,1.23840,1.77050,13.96490,0.15830,-0.04340
2015-03-31,148.92900,103.45200,45.47700,,32.03400,,32.58400,12.89300,-10.59300,2.30000,0.30300,1.99700,1.99700,,1.99700,17.00300,12.89300,19.93900,20.22400,0.10000,0.08000,2.82620,0.29680,0.47150,30.53600,8.65720,8.65720,1.54440,1.34090,0.26300,1.00260,1.84930,48.66610,0.74320,1.55830,0.35260,0.52260,13.44270,0.4161,0.1242
2014-12-31,140.79100,97.38200,43.40900,,30.24300,,30.79400,12.61500,-2.39400,10.22100,2.36000,7.86100,7.86100,,7.86100,16.12100,12.61500,19.97400,20.23200,0.39000,0.39000,3.67400,0.33030,0.51620,30.83220,8.96010,8.96010,7.25970,5.58350,0.23730,0.90650,2.00870,44.80470,2.57630,5.01260,1.32490,1.72540,15.27290,0.8444,0.6594
2014-09-30,146.99100,99.83500,47.15600,,30.44600,,31.02200,16.13400,-2.69900,13.43500,2.83600,10.59900,10.59900,,10.59900,19.96000,16.13400,19.95000,20.18700,0.53000,0.53000,4.45660,0.33200,0.49940,32.08090,10.97620,10.97620,9.14000,7.21060,0.25360,0.99770,1.84030,48.90550,3.50150,6.34550,1.82840,2.33900,15.16430,0.309,0.163
2014-06-30,142.93200,97.36700,45.56500,,31.97000,,32.55900,13.00600,-2.94700,10.05900,3.32600,6.73300,6.73300,,6.73300,16.93100,13.00600,19.85000,20.09500,0.34000,0.34000,4.18150,0.33410,0.50690,31.87880,9.09940,9.09940,7.03760,4.71060,0.24280,0.94850,1.74890,51.46230,2.24530,4.19100,1.14380,1.49520,15.04570,0.32200,0.09230
2014-03-31,160.47500,110.17500,50.30000,,32.25500,,32.77300,17.52700,-2.56600,14.96100,5.34600,9.61500,9.61500,,9.61500,21.55600,17.52700,19.65500,19.95000,0.49000,0.48000,3.65700,0.34100,0.52280,31.34450,10.92190,10.92190,9.32290,5.99160,0.26810,1.12910,1.72140,52.28270,3.30090,6.36160,1.60610,2.17540,14.70700,0.582,0.2106
2013-12-31,145.07200,102.07500,42.99700,,31.41800,,31.89600,11.10100,-3.56200,7.53900,0.87500,6.66400,6.66400,,6.66400,14.56200,11.10100,19.69100,20.01900,0.34000,0.33000,3.66370,0.35980,0.56630,29.63840,7.65210,7.65210,5.19670,4.59360,0.24610,0.97070,1.92010,46.87290,2.48570,4.65430,1.13030,1.59130,13.58420,0.8114,0.5403
2013-09-30,138.85200,94.59200,44.26000,,31.44800,,31.97400,12.28600,-2.03000,10.25600,3.13400,7.12200,7.12200,,7.12200,15.88300,12.28600,19.65500,19.95900,0.36000,0.36000,3.93150,0.36850,0.58780,31.87570,8.84830,8.84830,7.38630,5.12920,0.24100,0.88910,1.80670,49.81330,2.75440,5.32450,1.23590,1.73940,13.12980,0.1821,-0.0376
2013-06-30,138.89100,95.40000,43.49100,,29.59600,,30.05500,13.43600,-3.47000,9.96600,2.94600,7.02000,7.02000,,7.02000,16.59900,13.43600,19.52000,19.77900,0.36000,0.35000,3.77240,0.37900,0.61460,31.31300,9.67380,9.67380,7.17540,5.05430,0.24400,0.94040,1.82670,49.26930,2.84020,5.69210,1.23340,1.76370,12.59650,-0.09650,-0.27920
2013-03-31,144.55300,100.34500,44.20800,,29.22800,,29.72800,14.48000,-2.62900,11.85100,-40.17800,52.02900,52.02900,,52.02900,17.78300,14.48000,19.42500,19.68700,2.68000,2.64000,3.72730,0.38630,0.63370,30.58260,10.01710,10.01710,8.19840,35.99300,0.25500,1.06540,1.80190,49.94820,21.67990,42.91480,9.17830,13.30530,12.30200,0.818,0.305
2012-12-31,153.22500,109.42800,43.79700,,29.11500,,29.60800,14.18900,-3.41700,10.77200,1.19300,9.57900,9.57900,,9.57900,17.18000,14.18900,19.45100,19.69700,0.49000,0.49000,3.62910,0.44390,0.80400,28.58350,9.26020,9.26020,7.03020,6.25160,0.29710,1.07780,1.94670,46.23200,5.05590,13.85890,1.85730,2.81170,9.71640,0.9478,0.8377
2012-09-30,146.47200,104.07000,42.40200,,28.99300,,29.48200,12.92000,-3.14000,9.78000,1.52800,8.25200,8.25200,,8.25200,16.12800,12.92000,19.41900,19.58100,0.42000,0.42000,3.27140,0.46200,0.86470,28.94890,8.82080,8.82080,6.67700,5.63380,0.28350,0.92880,1.76610,50.95830,4.67920,14.61180,1.59700,2.51750,9.04580,0.5862,0.5414
2012-06-30,153.01300,109.18900,43.82400,,30.54300,,31.04200,12.78200,-2.56300,10.21900,1.78300,8.43600,8.43600,0.00000,8.43600,15.98700,12.78200,19.34700,19.50700,0.44000,0.43000,3.17770,0.48000,0.92950,28.64070,8.35350,8.35350,6.67850,5.51330,0.30190,0.99950,1.71940,52.34500,5.13590,18.99960,1.66460,2.67090,8.45280,-0.19940,-0.28730
2012-03-31,159.57200,115.33000,44.24200,,30.06600,,30.62500,13.61700,-4.26500,9.35200,0.99800,8.35400,8.35400,0.64300,8.99700,16.96400,13.61700,19.27200,19.51200,0.47000,0.46000,2.85460,0.48630,0.95410,27.72540,8.53340,8.53350,5.86070,5.63820,0.30960,1.06730,1.80020,49.99490,5.20610,21.84630,1.62090,2.67450,8.27100,0.518,0.3494
2011-12-31,142.75000,104.14700,38.60300,,27.58500,,26.60300,12.00000,-1.81900,10.18100,1.66600,8.51500,8.51500,,8.51500,14.99500,12.00000,19.31300,19.48800,0.44000,0.44000,2.88530,0.46340,0.87270,27.04240,8.40630,8.40630,7.13200,5.96500,0.29040,0.99860,1.79840,50.04500,4.83510,15.49220,1.73220,2.59470,9.08050,0.4639,0.3992
2011-09-30,149.86300,110.63200,39.23100,,26.40800,,26.91700,12.31400,-3.17000,9.14400,2.87700,6.26700,6.26700,0.40900,6.67600,15.14800,12.31400,19.27400,19.47100,0.35000,0.34000,2.97830,0.47210,0.90330,26.17790,8.21680,8.21680,6.10160,4.45470,0.31110,1.16070,1.86020,48.38080,3.68290,12.80470,1.30090,1.94400,8.76780,0.1804,-0.0288
2011-06-30,139.76000,104.11800,35.64200,,27.47800,,28.42900,7.21300,-3.07900,4.13400,1.35500,2.77900,2.77900,0.00000,2.77900,10.28200,7.21300,19.17300,19.52400,0.14000,0.14000,2.83170,0.47390,0.91000,25.50230,5.16100,5.16100,2.95790,1.98840,0.28620,1.07970,1.72580,52.14930,1.64050,6.21910,0.56900,0.86310,8.78310,0.04650,-0.11540
2011-03-31,143.97000,106.52500,37.44500,,27.42800,,28.14400,9.30100,-5.27200,4.02900,1.62100,2.40800,2.40800,0.13500,2.54300,12.16400,9.30100,19.04700,19.04700,0.13000,0.13000,2.75240,0.48520,0.95230,26.00890,6.46030,6.46040,2.79850,1.76630,0.30060,1.18320,1.85180,48.60010,1.48510,6.33650,0.50280,0.76450,8.45790,1.0636,0.9313
2010-12-31,128.69600,99.34500,29.35100,,25.79900,,26.40100,2.95000,-3.31100,-0.36100,39.40600,-39.76700,-39.76700,0.12800,-39.63900,5.62000,2.95000,19.08200,19.08200,-2.08000,-2.08000,2.60150,0.46080,0.86570,22.80650,2.29220,2.29220,-0.28050,-30.80050,0.29430,1.01220,1.83060,49.16520,-26.16560,-134.60250,-9.09300,-14.10780,7.92850,-0.4832,-0.71
2010-09-30,132.31200,101.07100,31.24100,,25.27500,,26.05600,5.18500,-2.22800,2.95700,1.22200,1.73500,1.73500,0.13300,1.86800,8.02200,5.18500,19.05200,19.23200,0.10000,0.10000,2.42540,0.40430,0.68800,23.61160,3.91880,3.91880,2.23490,1.41180,0.26800,1.06830,1.73320,51.92590,0.90410,2.53970,0.35150,0.53860,10.01170,-0.0362,-0.1553
2010-06-30,119.08700,91.07200,28.01500,,25.00000,,26.87900,1.13600,-2.69600,-1.56000,-0.83800,-0.72200,-0.72200,,-0.72200,4.09400,1.13600,19.01300,19.01300,-0.04000,-0.04000,2.61240,0.41640,0.72340,23.52480,0.95390,0.95390,-1.31000,-0.60630,0.25440,1.11110,1.71590,52.45060,-0.39590,-1.15730,-0.15430,-0.23100,9.53700,-0.37200,-0.49030
2010-03-31,122.97000,91.33700,31.63300,,26.82000,,31.65900,-0.02600,-2.71500,-2.74100,-2.93600,0.19500,0.19500,0.26500,0.46000,3.41300,-0.02600,18.96300,18.96300,0.02000,0.02000,2.52810,0.41130,0.70920,25.72420,-0.02110,-0.02110,-2.22900,0.37410,0.25540,1.14430,1.75130,51.39160,0.10410,0.30900,0.04050,0.06130,9.79390,0.6718,0.7882
2009-12-31,118.97100,92.14600,26.82500,,25.26200,,29.36800,-2.54300,-0.84300,-3.38600,-0.90900,-2.47700,-2.47700,0.13300,-2.34400,0.70200,-2.54300,18.98000,18.98000,-0.12000,-0.12000,2.76450,0.41470,0.72010,22.54750,-2.13750,-2.13750,-2.84610,-1.97020,0.24930,1.07530,1.82740,49.25110,-1.33550,-4.23880,-0.51900,-0.78170,9.70450,-0.3594,-0.4587
2009-09-30,115.23400,87.18300,28.05100,,24.33600,,27.50800,0.54300,-2.95000,-2.40700,0.32400,-2.73100,-2.73100,,-2.73100,3.78200,0.54300,18.96100,18.96100,-0.14000,-0.14000,2.97010,0.41190,0.71470,24.34260,0.47120,0.47120,-2.08880,-2.37000,0.23370,0.95490,1.70350,52.83360,-1.44920,-4.55260,-0.55400,-0.85230,9.86250,1.0051,0.8588
2009-06-30,119.00800,89.57800,29.43000,,24.93800,,31.21600,-1.78600,-2.56900,-4.35500,-1.82400,-2.53100,-2.53100,0.13300,-2.39800,1.42100,-1.78600,18.91500,18.91500,-0.13000,-0.13000,2.90950,0.41380,0.74620,24.72940,-1.50070,-1.50070,-3.65940,-2.01500,0.24230,0.94350,1.62340,55.44010,-1.35430,-4.28340,-0.51540,-0.79380,,0.25750,0.19140
2009-03-31,135.78800,100.97500,34.81300,,27.13700,,135.43400,-100.62090,0.89900,-99.72200,3.15100,-102.87300,-102.87300,0.36900,-102.50400,-97.42590,-100.62090,18.86100,18.86100,-5.43000,-5.41000,2.61690,0.42040,0.75820,25.63780,-74.10150,-74.10150,-73.43950,-75.48830,0.27620,1.00350,1.69380,53.13520,-56.56900,-181.19740,-20.92340,-32.78490,9.54760,3.1934,2.5442
