Date,revenue,cost-goods-sold,gross-profit,selling-general-administrative-expenses,other-operating-income-expenses,operating-expenses,operating-income,total-non-operating-income-expense,pre-tax-income,total-provision-income-taxes,income-after-taxes,income-from-continuous-operations,income-from-discontinued-operations,net-income,ebitda,ebit,basic-shares-outstanding,shares-outstanding,eps-basic-net-earnings-per-share,eps-earnings-per-share-diluted,long-term-debt-capital,debt-equity-ratio,operating-margin,ebit-margin,pre-tax-profit-margin,net-profit-margin,asset-turnover,roe,return-on-tangible-equity,roa,roi,book-value-per-share,operating-cash-flow-per-share,free-cash-flow-per-share
2024-09-30,28.61600,27.50400,1.11200,2.74700,-1.26400,10.43400,-9.32200,-1.23900,-10.56100,0.01500,-10.57600,-10.57600,,-34.77500,-2.32700,-9.32200,28.49300,28.49300,-1.22000,-1.22000,0.59700,1.48160,-32.57620,-32.57620,-36.90590,-121.52290,0.03300,-969.40460,-3.31330,-1.21840,-1.32000,3.86910,0.3185,0.0243
2024-06-30,34.43900,26.84700,7.59200,1.53800,-1.28500,9.27900,-1.68700,1.12300,-0.56400,0.28800,-0.85200,-0.85200,,-9.66700,5.30600,-1.68700,23.19500,23.19500,-0.42150,-0.42150,0.57870,1.37360,-4.89850,-4.89850,-1.63770,-28.06990,0.03860,0.90960,-0.24380,-0.09560,-0.10160,15.19300,0.1691,0.0789
2024-03-31,33.99800,27.35200,6.64600,2.30900,-1.16800,9.95500,-3.30900,-0.32600,-3.63500,0.27000,-3.90500,-3.90500,,-12.29500,3.86000,-3.30900,23.19500,23.19500,-0.52940,-0.52940,0.55960,1.27070,-9.73290,-9.73290,-10.69180,-36.16390,0.03830,4.72170,-1.06050,-0.44000,-0.46220,16.00680,0.06970,0.04410
2023-12-31,29.46800,25.75600,3.71200,3.39100,-1.02600,10.84500,-7.13300,-1.48000,-8.61300,0.25900,-8.87200,-8.87200,,-16.26300,-0.19700,-7.13300,23.17970,23.17970,-0.74610,-0.74610,0.55590,1.25160,-24.20590,-24.20590,-29.22830,-55.18870,0.03310,13.23000,-2.37970,-0.99550,-1.04580,16.53440,-0.1687,-0.3595
2023-09-30,28.11800,25.96600,2.15200,2.18000,-1.17200,19.43400,-17.28200,1.18900,-16.09300,0.55400,-16.64700,-16.64700,,-22.93400,-0.63000,-17.28200,24.42200,24.42200,-0.94000,-0.94000,0.55620,1.25330,-61.46240,-61.46240,-57.23380,-81.56340,0.03130,35.80850,-4.48440,-1.85370,-1.96870,16.14370,0.2796,0.2923
2023-06-30,32.76000,26.31500,6.44500,1.68400,-1.58700,23.74300,-17.29800,-0.90400,-18.20200,0.15900,-18.36100,-18.36100,,-23.81500,3.70700,-17.29800,23.16340,23.16340,-1.02930,-1.02930,0.56130,1.27920,-52.80220,-52.80220,-55.56170,-72.69540,0.03560,97.41610,-4.99250,-1.99640,-2.11260,16.43980,0.2873,0.8166
2023-03-31,28.91200,22.18100,6.73100,5.28500,-1.13600,15.92300,-9.19200,1.87200,-7.32000,0.25600,-7.57600,-7.57600,,-12.71500,0.70700,-9.19200,23.16340,23.16340,-0.54900,-0.54900,0.57900,1.37520,-31.79300,-31.79300,-25.31820,-43.97830,0.03020,-70.84330,-2.15780,-0.79120,-0.84230,16.32600,0.11940,-3.54300
2022-12-31,25.86800,16.62000,9.24800,1.91600,-0.78300,7.97600,1.27200,-0.01200,1.26000,0.31600,0.94400,0.94400,,-8.94100,6.53300,1.27200,23.61840,23.61940,-0.38230,-0.38230,0.33730,0.50900,4.91720,4.91730,4.87090,-34.56400,0.03750,3.88940,0.26400,0.13680,0.17280,15.60820,0.1773,0.0725
2022-09-30,24.85300,16.44300,8.41000,2.10800,-1.05000,8.25100,0.15900,-0.20400,-0.04500,0.18700,-0.23200,-0.23200,,-11.68400,5.46800,0.15900,23.67550,23.67550,-0.49010,-0.49010,0.36770,0.58160,0.63980,0.63980,-0.18110,-47.01240,0.03730,-0.59140,-0.06310,-0.03490,-0.03940,16.04410,0.1334,-0.058
2022-06-30,26.40300,16.05400,10.34900,1.25300,-1.13000,7.35700,2.99200,0.26000,3.25200,0.32100,2.93100,2.93100,,-2.34900,8.16400,2.99200,23.82240,23.82240,-0.09800,-0.09800,0.34940,0.53700,11.33210,11.33210,12.31680,-8.89670,0.03900,5.24990,0.76690,0.43250,0.49280,16.24130,0.6988,0.3605
2022-03-31,24.78200,14.58300,10.19900,1.81500,-0.89100,7.71000,2.48900,0.12000,2.60900,0.30700,2.30200,2.30200,,-2.81100,7.67000,2.48900,23.81830,23.82040,-0.11760,-0.11760,0.37680,0.60460,10.04360,10.04360,10.52780,-11.34290,0.03600,3.85450,0.61810,0.33450,0.38010,15.83390,0.36270,0.16720
2021-12-31,25.12500,16.08100,9.04400,1.59400,-1.16000,7.69900,1.34500,,1.34500,0.67600,0.66900,0.66900,,-4.34700,6.35100,1.34500,19.57270,19.57270,-0.06860,-0.06860,0.35000,0.53850,5.35330,5.35330,5.35320,-17.30150,0.03800,1.06380,0.18160,0.10120,0.11640,15.66990,1.7813,1.6226
2021-09-30,24.24900,14.40500,9.84400,1.62500,-0.58800,7.27400,2.57000,,2.57000,0.94600,1.62400,1.62400,,-3.21600,7.67100,2.57000,23.81830,23.81930,-0.13720,-0.13720,0.37180,0.59180,10.59840,10.59840,10.59840,-13.26240,0.03590,2.13170,0.43890,0.24060,0.27170,15.75190,-0.5747,-0.7192
2021-06-30,22.67300,14.04800,8.62500,1.14600,-0.88700,7.10200,1.52300,,1.52300,0.99600,0.52700,0.52700,,-4.21000,6.77500,1.52300,15.40560,15.40560,-0.27450,-0.27450,0.41700,0.71520,6.71720,6.71720,6.71720,-18.56830,0.03220,0.65600,0.14690,0.07480,0.08430,15.29130,0.8512,0.8226
2021-03-31,18.87900,13.18100,5.69800,2.62200,-1.33600,8.99500,-3.29700,,-3.29700,0.37400,-3.67100,-3.67100,,-8.20600,1.91700,-3.29700,15.10560,15.10560,-0.53920,-0.53920,0.54360,1.19120,-17.46390,-17.46390,-17.46390,-43.46630,0.02750,-46.06580,-1.34720,-0.53520,-0.60150,18.41420,0.30680,0.28200
2020-12-31,17.82900,13.80900,4.02000,1.63400,-1.08700,8.39900,-4.37900,,-4.37900,0.00900,-4.38800,-4.38800,,-8.86100,1.47100,-4.37900,15.04440,15.04440,-0.59800,-0.59800,0.53830,1.16610,-24.56110,-24.56110,-24.56110,-49.69990,0.02600,-27.29190,-1.61440,-0.64000,-0.72840,18.38770,0.3779,-0.1341
2020-09-30,17.33400,13.85200,3.48200,1.73600,-1.54000,8.54900,-5.06700,-0.28100,-5.34800,-0.01800,-5.33000,-5.33000,,-9.67800,0.38600,-5.06700,15.10260,15.10260,-0.63720,-0.63720,0.53250,1.13890,-29.23160,-29.23160,-30.85270,-55.83250,0.02520,-16.13390,-1.90010,-0.77460,-0.86910,18.95660,0.1271,-0.1146
2020-06-30,16.51000,12.76400,3.74600,1.66800,-1.61300,8.47800,-4.73200,,-4.73200,-0.69100,-4.04100,-4.04100,,-8.14100,0.58400,-4.73200,15.07910,15.07910,-0.53920,-0.53920,0.56650,1.30690,-28.66140,-28.66140,-28.66140,-49.30950,0.02270,-9.45790,-1.45420,-0.55640,-0.61600,18.80280,-0.0541,-0.309
2020-03-31,25.53500,18.32700,7.20800,1.73400,-1.49400,8.48600,-1.27800,,-1.27800,-0.02200,-1.25600,-1.25600,,-6.78700,3.88600,-1.27800,14.89140,14.89240,-0.45090,-0.45090,0.52410,1.10150,-5.00490,-5.00490,-5.00490,-26.57920,0.03850,-2.59530,-0.46050,-0.18930,-0.21380,18.76670,0.40170,0.02360
2019-12-31,26.64100,18.24900,8.39200,1.53500,-2.80700,9.72100,-1.32900,,-1.32900,0.19600,-1.52500,-1.52500,,-11.57300,5.24400,-1.32900,14.89140,16.82450,-0.77440,-2.20570,0.52500,1.10510,-4.98860,-4.98860,-4.98850,-43.44060,0.03990,-2.78650,-0.56290,-0.22840,-0.26040,18.67650,0.2495,-7.1297
2019-09-30,29.21500,18.38800,10.82700,1.72400,-1.28200,8.18600,2.64100,0.30200,2.94300,0.08700,2.85600,2.85600,,-1.62200,6.93200,2.64100,14.89140,14.89240,-0.10780,-0.10780,0.38710,0.63150,9.03990,9.03990,10.07360,-5.55190,0.04430,4.05900,0.80940,0.43280,0.48540,24.20870,0.5871,14.3956
2019-06-30,36.85600,21.40300,15.45300,1.83700,-1.09300,10.11500,5.33800,47.51000,52.84800,0.28100,52.56700,52.56700,,48.26000,11.83500,5.33800,14.89040,15.59120,3.24480,3.13690,0.14380,0.16800,14.48340,14.48340,143.39050,130.94200,0.03080,7.68880,5.48710,4.39340,4.65770,64.87580,0.6739,7.5437
2019-03-31,47.27700,30.18400,17.09300,1.83200,,11.46200,5.63100,286.31000,291.94100,0.31800,291.62300,291.62300,,287.63100,15.28300,5.63100,14.89140,15.55140,19.31180,18.52760,0.15400,0.18200,11.91070,11.91070,617.51170,608.39530,0.03980,45.65780,32.37760,24.57690,27.12630,61.08060,0.92550,42.09650
2018-12-31,50.02500,27.80000,22.22500,3.25000,,22.18700,0.03800,,-0.77000,0.13000,-0.90000,-0.90000,,-4.94800,15.84200,0.03800,14.89040,14.89040,-0.34310,-0.34310,0.48810,0.95370,0.07600,0.07600,-1.53920,-9.89110,0.03730,-0.25270,-0.14810,-0.06700,-0.07460,41.45170,0.7829,0.6537
2018-09-30,47.60700,33.49100,14.11600,1.22000,,14.53000,-0.41400,,-0.41400,0.11500,-0.52900,-0.52900,,-4.44800,12.64800,-0.41400,14.89140,14.89140,-0.29410,-0.29410,0.51590,1.06570,-0.86960,-0.86960,-0.86960,-9.34320,0.03420,-0.13920,-0.08630,-0.03800,-0.04110,41.86880,0.8651,0.7263
2018-06-30,51.54400,33.71900,17.82500,2.25900,,15.58400,2.24100,,2.24100,0.29200,1.94900,1.94900,,-1.87600,14.21300,2.24100,14.88890,14.88890,-0.11760,-0.11760,0.51650,1.06800,4.34770,4.34770,4.34770,-3.63960,0.03710,0.50290,0.31800,0.14040,0.15090,41.93610,1.2897,1.0266
2018-03-31,48.29400,30.76000,17.53400,3.37600,,16.52400,1.01000,,1.01000,0.38800,0.62200,0.62200,,-3.02600,12.81300,1.01000,14.88690,14.88690,-0.20590,-0.20590,0.50660,1.02690,2.09140,2.09140,2.09140,-6.26580,0.03560,0.15880,0.10160,0.04580,0.04910,41.94870,1.18950,-6.61380
2017-12-31,52.42700,37.63200,14.79500,0.80300,,13.70300,1.09200,21.15100,22.24300,0.18300,22.06000,22.06000,,20.36600,13.49500,1.09200,23.48370,23.48580,2.20430,2.20430,0.50160,1.00660,2.08290,2.08290,42.42660,38.84630,0.03920,5.57150,3.55620,1.65070,1.75420,42.09780,-0.989,-1.6669
2017-09-30,55.38400,42.31300,13.07100,1.58400,,15.05600,-1.98500,74.71500,72.73000,0.33900,72.39100,72.39100,,72.25700,12.50600,-1.98500,19.67780,19.67780,3.67650,3.67650,0.52280,1.09570,-3.58410,-3.58410,131.31950,130.46550,0.03480,10.16870,10.24560,4.54920,4.85220,36.17780,0.0615,18.7667
2017-06-30,61.29900,44.62500,16.67400,13.26200,,28.02300,-11.34900,103.18300,91.83400,0.46200,91.37200,91.37200,,91.29100,3.40400,-11.34900,26.81610,26.81610,3.41180,3.41180,0.56710,1.30990,-18.51420,-18.51420,149.81320,148.92740,0.03740,14.13380,14.48350,5.57840,6.11870,32.85330,0.3369,13.9105
2017-03-31,66.94900,41.43300,25.51600,1.69200,,18.92300,6.59300,187.73400,194.32700,0.39200,193.93500,193.93500,,193.89900,21.66000,6.59300,28.57630,28.57630,6.79410,6.79410,0.45090,0.82130,9.84780,9.84780,290.26120,289.62200,0.03090,16.95660,17.21550,8.95430,9.31020,40.02320,0.47460,10.50510
2016-12-31,64.62200,47.78100,16.84100,1.68200,,19.38800,-2.54700,,-2.54700,0.60600,-3.15300,-3.15300,0.79200,-2.37900,12.90900,-2.54700,31.05150,31.05150,-0.02940,-0.02940,0.50030,1.00130,-3.94140,-3.94140,-3.94140,-3.68140,0.03190,-0.32620,-0.33230,-0.15590,-0.16300,33.82490,-0.027,0.4239
2016-09-30,64.33200,50.49500,13.83700,2.27900,,20.00300,-6.16600,14.92700,8.76100,0.37900,8.38200,8.38200,0.70300,9.08800,9.75000,-6.16600,29.59520,29.59520,0.29410,0.29410,0.49770,0.99080,-9.58470,-9.58470,13.61840,14.12670,0.03130,0.85690,0.87300,0.40770,0.43040,34.23080,0.6767,2.2079
2016-06-30,68.36000,47.97000,20.39000,2.24900,,20.72900,-0.33900,,-0.33900,0.47100,-0.81000,-0.81000,1.66800,0.84900,17.70500,-0.33900,32.87220,32.87220,0.02940,0.02940,0.46900,0.88330,-0.49590,-0.49590,-0.49590,1.24200,0.03180,-0.07610,-0.07730,-0.03770,-0.04040,35.69200,0.808,0.4917
2016-03-31,68.61700,46.72400,21.89300,2.09100,,20.14900,1.74400,24.73900,26.48300,0.19000,26.29300,26.29300,0.69000,26.98000,18.60600,1.74400,33.20500,33.20500,0.82350,0.82350,0.33640,0.50690,2.54160,2.54160,38.59540,39.31970,0.03260,2.03020,2.05600,1.24840,1.34730,39.00070,0.21290,1.27940
2015-12-31,74.33000,51.08800,23.24200,3.17000,,20.96400,2.27800,,5.37000,0.62700,4.74300,4.74300,6.70500,11.44200,16.44300,2.27800,33.17990,33.17990,0.35290,0.35290,0.34850,0.53490,3.06470,3.06470,7.22450,15.39350,0.03550,0.36560,0.37140,0.22670,0.23820,39.09970,0.672,3.1814
2015-09-30,68.46000,47.54100,20.91900,2.26600,,20.13900,0.78000,,0.78000,0.17900,0.60100,0.60100,4.64000,5.24200,15.26900,0.78000,33.18050,33.18050,0.14710,0.14710,0.33750,0.50940,1.13940,1.13940,1.13940,7.65700,0.03270,0.04610,0.04680,0.02870,0.03050,39.28680,0.5331,0.0241
2015-06-30,66.91900,46.02700,20.89200,2.32800,,19.89400,0.99800,,0.99800,,0.99800,0.99800,3.98400,4.97600,15.75600,0.99800,33.18020,33.18020,0.14710,0.14710,0.32820,0.48860,1.49130,1.49130,1.49140,7.43590,0.03200,0.07530,0.07640,0.04770,0.05060,39.95190,0.8164,0.5997
2015-03-31,67.23900,45.32100,21.91800,3.02000,,22.14800,-0.23000,,-0.23000,,-0.23000,-0.23000,2.96200,2.73200,17.48300,-0.23000,33.17780,33.17780,0.08820,0.08820,0.32360,0.47840,-0.34210,-0.34210,-0.34210,4.06310,0.03190,-0.01710,-0.01740,-0.01090,-0.01160,40.43720,0.30020,0.09280
2014-12-31,71.92600,49.11900,22.80700,7.03400,,24.48900,-1.68200,,-1.68200,,-2.28600,-2.28600,2.87300,0.47500,12.17500,-1.68200,33.03880,33.03980,,0.00000,0.30920,0.44760,-2.33850,-2.33850,-2.33850,0.66040,0.03430,-0.16810,-0.17070,-0.10910,-0.11610,40.98570,0.4438,-0.2928
2014-09-30,63.11700,42.52500,20.59200,1.94000,,19.61700,0.97500,,0.97500,,0.97500,0.97500,3.30500,4.28500,16.56500,0.97500,33.17780,33.17820,0.11760,0.11760,0.31110,0.45160,1.54470,1.54470,1.54480,6.78900,0.03040,0.07050,0.07170,0.04690,0.04860,41.66000,0.4729,0.2835
2014-06-30,65.18700,41.34200,23.84500,2.38900,,19.67500,4.17000,,4.17000,,4.17000,4.17000,4.34400,8.39900,18.57800,4.17000,33.17410,33.17580,0.26470,0.26470,0.30060,0.42980,6.39700,6.39700,6.39700,12.88450,0.03150,0.29810,0.30330,0.20120,0.20850,42.21050,0.7365,-0.7853
2014-03-31,62.59700,39.36000,23.23700,1.24200,4.91800,12.95300,10.28400,,10.28400,,10.28400,10.28400,0.93300,11.21900,26.17000,10.28400,32.61750,32.61820,0.35290,0.35290,0.28730,0.40310,16.42890,16.42890,16.42890,17.92260,0.03050,0.72800,0.74020,0.50140,0.51860,125.45110,0.36880,0.14720
2013-12-31,60.18000,38.73900,21.44100,1.79700,,19.15100,2.29000,,2.29000,,2.29000,2.29000,,2.18000,7.58800,2.29000,32.44950,32.44950,0.20590,0.20590,0.22300,0.28700,3.80530,3.80530,3.80520,3.62250,0.03280,0.16640,0.16910,0.12480,0.12930,920.11080,0.3762,0.112
2013-09-30,57.48700,35.92500,21.56200,3.18300,,19.80300,1.75900,,1.75900,,1.75900,1.75900,,1.76500,18.35500,1.75900,32.44950,32.44950,0.05880,0.05880,0.40190,0.78220,3.05980,3.05980,3.05980,3.07030,0.23000,1.27650,1.27650,0.70390,0.76340,191.24760,0.5353,0.4002
2013-06-30,59.83800,35.38800,24.45000,2.10900,,19.64200,4.80800,,4.80800,,4.80800,4.80800,,4.69500,22.61700,4.80800,32.44950,32.44950,0.14710,0.14710,0.26580,0.47530,8.03500,8.03500,8.03500,7.84620,0.24060,3.46370,3.46370,1.93350,2.54290,192.65360,0.9131,0.5936
2013-03-31,58.30800,34.80700,23.50100,0.54200,,17.67900,5.82200,,5.82200,,5.82200,5.82200,,5.82600,22.57900,5.82200,162.24770,162.24770,0.02940,0.02940,0.39350,0.80360,9.98490,9.98490,9.98490,9.99180,0.22740,4.17990,4.17990,2.27020,2.53530,193.30860,0.08070,0.04940
2012-12-31,219.89800,16.21000,203.68800,-1.43800,,188.96400,14.72400,,18.94000,,19.25100,19.25100,,19.68600,69.72900,14.72400,32.44950,32.44950,0.76470,0.76470,0.37980,0.74060,6.69580,6.69580,8.61310,8.95230,0.88770,13.82720,13.82720,7.77170,8.57530,193.33760,6.7482,4.9286
2012-09-30,4.86400,0.88700,3.97700,1.58600,-0.05300,1.63900,2.33800,-1.42100,0.91700,0.27200,0.64500,0.64500,-0.17200,0.47300,2.30600,2.33800,0.72010,0.72010,0.58820,0.58820,0.37500,0.75110,48.06740,48.06740,18.85280,9.72450,0.01910,0.45240,0.45240,0.25360,0.28280,197.96460,4.8533,5.7949
2012-06-30,3.96400,0.87600,3.08800,1.65300,,1.65300,1.43500,-1.47000,-0.03500,0.05800,-0.09300,-0.09300,-0.32200,-0.41500,1.39600,1.43500,0.71980,0.72130,-0.58820,-0.58820,0.35880,0.73920,36.20080,36.20080,-0.88290,-10.46920,0.01560,-0.06470,-0.06470,-0.03650,-0.04150,199.66020,-5.2392,-5.2448
2012-03-31,3.78700,0.88300,2.90400,1.60400,,1.60400,1.30000,-1.32500,-0.02500,-0.01900,-0.00600,-0.00600,-0.14900,-0.15500,1.26900,1.30000,0.71920,0.71920,-0.14710,-0.14710,0.34870,0.66820,34.32800,34.32800,-0.66020,-4.09300,0.01530,-0.00410,-0.00410,-0.00240,-0.00270,202.67620,-4.30640,-4.31610
2011-12-31,4.36400,0.82200,3.54200,1.47400,,1.49100,2.05100,-0.79800,1.25300,0.15200,1.10100,1.10100,-0.44200,0.65900,1.93800,2.05100,0.71880,0.71970,0.73530,0.73530,0.34570,0.67500,46.99820,46.99820,28.71220,15.10080,0.01740,0.74520,0.74520,0.43820,0.48760,205.44610,0.4098,0.8322
2011-09-30,3.80900,0.94100,2.86800,1.60100,0.01700,1.58400,1.28400,-0.06100,1.22300,-0.00900,1.23200,1.23200,-0.49900,0.73300,1.28100,1.28400,0.71910,0.72010,1.02940,1.02940,0.37500,0.72670,33.70960,33.70960,32.10820,19.24390,0.01460,0.82830,0.82830,0.47230,0.51770,206.82840,-2.3931,-2.3928
2011-06-30,3.84700,0.95700,2.89000,1.64300,,1.64300,1.24700,-0.06600,1.18100,-0.05400,1.23500,1.23500,0.10400,1.33900,1.06900,1.24700,0.71880,0.72260,1.91180,1.91180,0.35600,0.66250,32.41490,32.41490,30.69930,34.80630,0.01520,0.82520,0.82520,0.48850,0.53150,208.13020,-1.8405,-1.6868
2011-03-31,4.05600,0.97300,3.08300,1.62100,,1.62100,1.46200,-0.31300,1.14900,0.02500,1.12400,1.12400,-0.20800,0.91600,1.62100,1.46200,0.71810,0.72200,1.32350,1.32350,0.35150,0.64820,36.04540,36.04540,28.32840,22.58380,0.01610,0.74990,0.74990,0.44680,0.48630,208.52760,-1.82010,-1.86300
2010-12-31,3.77000,0.97400,2.79600,1.53600,,1.53600,1.26000,-0.25200,1.00800,-0.09900,1.10700,1.10700,-0.51800,0.58900,1.39500,1.26000,0.71810,0.71810,0.88240,0.88240,0.34460,0.64050,33.42180,33.42180,26.73740,15.62330,0.01500,0.73530,0.73530,0.43910,0.48190,209.67070,-2.4222,-2.3038
2010-09-30,4.30300,1.04200,3.26100,1.43600,-0.48700,1.92300,1.33800,,1.33800,0.09600,1.24200,1.24200,-0.03500,1.20700,1.39500,1.33800,0.71790,0.71900,1.61770,1.61770,0.33760,0.62120,31.09460,31.09460,31.09460,28.05020,0.01720,0.81910,0.81910,0.49580,0.54260,211.17100,-3.6195,-3.6223
2010-06-30,7.39000,2.00000,5.39000,3.12300,0.09800,3.02500,2.36500,,2.36500,-0.12800,2.49300,2.49300,0.00800,2.50100,2.43200,2.36500,0.71730,0.71840,3.52940,3.52940,0.33970,0.66120,32.00270,32.00270,32.00270,33.84300,0.02870,1.64120,1.64120,0.96860,1.08370,211.57260,-10.9132,-10.8807
2010-03-31,3.45500,0.98900,2.46600,1.50900,0.20200,1.30700,1.15900,,1.15900,-0.10800,1.26700,1.26700,0.01100,1.27800,1.13100,1.15900,0.71730,0.71730,1.76470,1.76470,0.31140,0.61930,33.54560,33.54560,33.54560,36.98990,0.01380,0.83220,0.83220,0.50470,0.57310,212.25280,-11.04200,-7.88550
2009-12-31,4.16700,0.62900,3.53800,1.72300,-0.39300,2.11600,1.42200,-0.03700,1.38500,-0.06300,1.44800,1.44800,0.22800,1.67600,1.22500,1.42200,0.71900,0.71900,2.35290,2.35290,0.22210,0.45190,34.12530,34.12530,33.23730,40.22080,0.01830,0.94980,0.94980,0.63440,0.73880,212.55530,0.76,0.7601
2009-09-30,4.23700,0.64400,3.59300,1.34700,-0.39300,1.74000,1.85300,-0.43800,1.41500,-0.05400,1.46900,1.46900,0.42600,1.89500,1.88300,1.85300,0.71730,0.71730,2.64710,2.64710,0.22300,0.45840,43.73380,43.73380,33.39630,44.72500,0.01850,0.96170,0.96170,0.64050,0.74720,212.97080,4.375,4.368
2009-06-30,3.87200,0.79000,3.08200,1.53300,-0.05600,1.58900,1.49300,-0.01700,1.47600,-0.06800,1.54400,1.54400,0.02000,1.56400,1.26500,1.49300,0.71730,0.71730,2.20590,2.20590,0.20970,0.43140,38.55890,38.55890,38.11980,40.39260,0.01720,1.01150,1.01150,0.68490,0.79940,212.82170,4.1341,4.1341
2009-03-31,3.99100,0.80600,3.18500,1.36400,-0.14700,1.51100,1.67400,-0.06000,1.61400,0.01800,1.59600,1.59600,0.03000,1.62600,1.69200,1.67400,0.72420,0.72420,2.20590,2.20590,0.21000,0.45570,41.94440,41.94440,40.44100,40.74170,0.01710,1.04300,1.04300,0.68330,0.82400,212.55720,-1.11850,-1.11850
