Date,revenue,gross-profit,research-development-expenses,selling-general-administrative-expenses,operating-income,total-non-operating-income-expense,pre-tax-income,total-provision-income-taxes,income-after-taxes,income-from-continuous-operations,net-income,ebitda,ebit,basic-shares-outstanding,shares-outstanding,eps-basic-net-earnings-per-share,eps-earnings-per-share-diluted,current-ratio,debt-equity-ratio,gross-margin,operating-margin,ebit-margin,pre-tax-profit-margin,net-profit-margin,asset-turnover,receiveable-turnover,days-sales-in-receivables,roe,return-on-tangible-equity,roa,roi,book-value-per-share,operating-cash-flow-per-share,free-cash-flow-per-share
2024-09-30,1494.00000,1494.00000,47.50000,1427.70000,-3.39990,0.70000,-2.70000,-0.30000,-2.40000,-1.90000,-1.70000,17.20010,-3.39990,505.99300,505.99300,0.00000,0.00000,0.92240,,100.00000,-0.22760,-0.22760,-0.18070,-0.11380,1.24520,18.53600,4.85540,-0.44070,-1.66230,-0.15840,-0.44070,0.84930,0.0747,0.0655
2024-06-30,1700.60000,1700.60000,47.40000,1606.20000,21.29980,-0.20000,21.10000,-0.10000,21.20000,20.80000,20.70000,42.89980,21.29980,498.66500,509.88400,0.04000,0.04000,0.83070,,100.00000,1.25250,1.25250,1.24070,1.21720,1.39940,18.89560,4.76300,5.17800,27.58620,1.71170,5.17800,0.80150,0.0875,0.0788
2024-03-31,1054.10000,1054.10000,47.00000,1116.90000,-132.10010,-0.40000,-132.50000,-0.30000,-132.20000,-133.00000,-132.90000,-111.10010,-132.10010,490.00000,490.00000,-0.27000,-0.27000,0.80840,,100.00000,-12.53200,-12.53200,-12.57000,-12.60790,0.92070,13.41090,6.71090,-39.88010,-268.14510,-11.61670,-39.88010,0.67740,0.01760,0.01200
2023-12-31,1096.40000,1096.40000,44.40000,1110.80000,-82.99990,0.00000,-83.00000,0.10000,-83.10000,-83.80000,-83.70000,-61.39990,-83.00020,466.52300,466.52300,-0.18000,-0.18000,0.96410,,100.00000,-7.57020,-7.57020,-7.57020,-7.63410,0.94490,18.09240,4.97450,-19.39820,-57.95300,-7.22230,-19.39820,0.89090,-0.0827,-0.0878
2023-09-30,1337.40000,1337.40000,45.80000,1307.50000,-38.89980,-0.40000,-39.30000,-0.50000,-38.80000,-39.20000,-39.40000,-17.39980,-38.89980,470.94600,470.94600,-0.08000,-0.08000,1.05980,,100.00000,-2.90860,-2.90860,-2.93850,-2.94600,1.05840,17.76100,5.06730,-8.21110,-21.47950,-3.10220,-8.21110,0.99910,0.032,0.0263
2023-06-30,1494.00000,1494.00000,45.40000,1455.00000,-44.60000,-1.60000,-46.20000,,-46.20000,-46.90000,-47.80000,-22.10000,-44.60000,460.96000,460.96000,-0.10000,-0.10000,0.96710,0.33210,100.00000,-2.98530,-2.98530,-3.09240,-3.19950,1.04870,15.75950,5.71080,-10.38300,-29.04030,-3.29220,-10.38300,0.97560,0.1185,0.1131
2023-03-31,957.20000,957.20000,48.90000,1021.70000,-148.40000,-0.30000,-148.70000,,-148.70000,-150.20000,-150.40000,-123.30000,-148.40000,450.05700,450.05700,-0.33000,-0.33000,0.93670,0.48730,100.00000,-15.50360,-15.50360,-15.53490,-15.71250,0.63230,9.80740,9.17680,-32.53190,-91.97790,-9.92140,-32.53200,1.00610,-0.12330,-0.13110
2022-12-31,1107.20000,1107.20000,63.40000,1174.20000,-152.80070,0.00000,-152.80000,0.50000,-153.30000,-158.00000,-158.10000,-131.40070,-152.80030,428.16900,428.16900,-0.35000,-0.35000,1.00080,0.28810,100.00000,-13.80060,-13.80060,-13.80060,-14.27930,0.72220,13.92700,6.46220,-30.34380,-70.85200,-10.30590,-30.34380,1.18850,-0.2792,-0.3113
2022-09-30,1493.70000,1493.70000,81.50000,1514.00000,-151.80000,0.20000,-151.60000,,-151.60000,-154.10000,-154.20000,-130.60010,-151.80000,432.46000,432.46000,-0.36000,-0.36000,1.22050,,100.00000,-10.16270,-10.16270,-10.14930,-10.32340,0.94000,15.82310,5.68790,-24.01810,-45.94520,-9.69730,-24.01810,1.47810,-0.121,-0.1559
2022-06-30,2020.10000,2020.10000,107.20000,1967.90000,-99.29990,-0.40000,-99.70000,-1.50000,-98.20000,-101.10000,-101.20000,-73.69990,-99.29990,427.98700,427.98700,-0.24000,-0.24000,1.47010,,100.00000,-4.91560,-4.91560,-4.93540,-5.00970,1.17760,16.89050,5.32850,-13.37660,-22.89400,-5.89370,-13.37660,1.75790,-0.0139,-0.0605
2022-03-31,1397.00000,1397.00000,108.20000,1455.60000,-185.50010,-0.60000,-186.10000,0.10000,-186.20000,-188.30000,-188.00000,-166.50010,-185.50010,415.38500,415.38500,-0.45000,-0.45000,1.72100,,100.00000,-13.27850,-13.27850,-13.32140,-13.45740,0.80920,12.31920,7.30570,-23.37680,-37.91780,-10.90650,-23.37680,1.88660,-0.26720,-0.31730
2021-12-31,1612.10000,1612.10000,105.50000,1659.40000,-172.09970,-0.60000,-172.70000,0.80000,-173.50000,-174.80000,-174.80000,-152.59970,-172.10000,326.33600,326.33600,0.43000,0.43000,1.81790,,100.00000,-10.67550,-10.67550,-10.71270,-10.84300,0.89530,19.80470,4.54440,-20.62290,-32.85100,-9.70790,-20.62290,2.07100,-0.2105,-0.2786
2021-09-30,1743.60000,1743.60000,89.70000,1737.70000,-100.50000,-0.60000,-101.10000,-1.30000,-99.80000,-99.80000,-99.80000,-83.50000,-100.50000,392.97900,392.97900,-0.25000,-0.25000,2.31900,,100.00000,-5.76390,-5.76390,-5.79830,-5.72380,0.89540,16.62150,5.41470,-9.69030,-13.86500,-5.12530,-9.69030,2.58070,0.0061,-0.0262
2021-06-30,1951.40000,1951.40000,73.50000,1870.80000,-7.80000,-0.60000,-8.40000,-1.30000,-7.10000,-7.10000,-7.10000,7.40000,-7.80000,377.61500,377.61500,-0.02000,-0.02000,2.84180,,100.00000,-0.39970,-0.39970,-0.43050,-0.36380,1.02080,17.01310,5.29000,-0.66020,-0.89790,-0.37140,-0.66020,2.72680,0.4895,0.5151
2021-03-31,1113.90000,1113.90000,96.60000,1216.40000,-212.60000,-0.50000,-213.10000,-0.70000,-212.40000,-212.40000,-212.40000,-198.80000,-212.60000,126.91700,126.91700,-1.67000,-1.67000,1.63640,,100.00000,-19.08610,-19.08610,-19.13100,-19.06810,0.81470,10.44930,8.61300,25.67390,20.01890,-15.53540,25.67390,-5.75110,-0.37270,-0.45150
2020-12-31,1230.30000,1230.30000,39.60000,1218.50000,-40.89990,-0.40000,-40.60000,-0.80000,-39.80000,-39.80000,-39.80000,-27.59990,-40.89990,109.95500,109.95500,-0.35000,-0.35000,2.12590,,100.00000,-3.32440,-3.32440,-3.30000,-3.23500,0.90130,11.79580,7.62980,4.61240,3.87050,-2.91550,4.61240,-7.01700,0.2693,0.1905
2020-09-30,1188.50000,1188.50000,33.70000,1155.10000,-13.29990,-0.20000,-13.50000,,-13.50000,-13.50000,-13.50000,-0.19990,-13.29990,110.44800,110.44800,-0.12000,-0.12000,,,100.00000,-1.11910,-1.11910,-1.13590,-1.13590,,,,,,,,,0.6677,0.5286
2020-06-30,682.10000,682.10000,34.20000,720.80000,-85.60000,0.50000,-85.10000,-0.90000,-84.20000,-84.20000,-84.20000,-72.90000,-85.60000,109.12000,109.12000,-0.77000,-0.77000,,,100.00000,-12.54950,-12.54950,-12.47620,-12.34420,,,,,,,,,0.0765,-0.0139
2020-03-31,619.90000,619.90000,38.80000,702.90000,-134.20000,1.50000,-132.70000,,-132.70000,-132.70000,-132.70000,-121.79990,-134.20000,108.76400,108.76400,-1.22000,-1.22000,,,100.00000,-21.64860,-21.64860,-21.40670,-21.40670,,,,,,,,,-1.54190,-1.62740
2019-12-31,,,,,,,,,,,,,,,,,0.00000,,,,,,,,,,,,,,,,0,0
2018-12-31,,,,,,,,,,,,,,,,,0.00000,,,,,,,,,,,,,,,,0,0
