Date,revenue,cost-goods-sold,gross-profit,research-development-expenses,selling-general-administrative-expenses,operating-expenses,operating-income,total-non-operating-income-expense,pre-tax-income,total-provision-income-taxes,income-after-taxes,income-from-continuous-operations,net-income,ebitda,ebit,basic-shares-outstanding,shares-outstanding,eps-basic-net-earnings-per-share,eps-earnings-per-share-diluted,current-ratio,gross-margin,operating-margin,ebit-margin,pre-tax-profit-margin,net-profit-margin,asset-turnover,inventory-turnover,receiveable-turnover,days-sales-in-receivables,roe,return-on-tangible-equity,roa,roi,book-value-per-share,operating-cash-flow-per-share,free-cash-flow-per-share
2024-09-30,167.89000,90.52700,77.36300,15.24000,51.52700,66.76700,10.59600,3.56600,14.16200,2.67400,11.48800,11.48800,11.48800,17.81000,10.59600,214.76900,215.75000,0.05000,0.05000,3.15660,46.07960,6.31130,6.31130,8.43530,6.84260,0.25290,0.54050,1.79940,50.01600,2.41430,2.41430,1.73070,2.41430,2.21920,0.3289,0.3078
2024-06-30,167.94700,78.10700,89.84000,14.31500,49.09300,63.40800,26.43200,3.36000,29.79200,10.02300,19.76900,19.76900,19.76900,34.03000,26.43200,216.42300,217.50200,0.09000,0.09000,2.21220,53.49310,15.73830,15.73830,17.73890,11.77100,0.22630,0.40610,2.00530,44.88130,4.40740,4.40740,2.66390,4.40740,2.07580,0.16,0.1378
2024-03-31,167.39200,75.79800,91.59400,14.85300,51.53600,66.38900,25.20500,3.08500,28.29000,8.64300,19.64700,19.64700,19.64700,32.70100,25.20500,215.54900,216.86500,0.09000,0.09000,3.89570,54.71830,15.05750,15.05750,16.90050,11.73710,0.23130,0.33630,2.15720,41.72080,3.55560,3.55560,2.71480,3.55560,2.54990,0.26140,0.23780
2023-12-31,231.24600,134.20800,97.03800,14.99100,65.52800,80.51900,16.51900,1.96400,18.48300,7.19500,11.28800,11.28800,11.28800,24.48600,16.51900,216.89300,219.72200,0.06000,0.05000,3.15560,41.96310,7.14350,7.14350,7.99280,4.88140,0.30830,0.54900,2.07870,43.29690,2.11040,2.11040,1.50480,2.11040,2.45450,0.4219,0.3998
2023-09-30,174.90900,92.97500,81.93400,15.91000,42.33700,58.24700,23.68700,1.82800,25.51500,8.29000,17.22500,17.22500,17.22500,31.38100,23.68700,217.73700,220.42500,0.08000,0.08000,3.36710,46.84380,13.54250,13.54250,14.58760,9.84800,0.24330,0.30620,1.89720,47.43920,3.27300,3.27420,2.39590,3.27300,2.39370,0.1635,0.1359
2023-06-30,177.76500,90.11000,87.65500,16.34600,52.05900,68.40500,19.25000,3.69100,22.94100,6.91700,16.02400,16.02400,16.02400,26.74000,19.25000,216.96400,219.91600,0.07000,0.07000,1.93080,49.30950,10.82890,10.82890,12.90520,9.01410,0.19790,0.30620,2.00520,44.88280,3.32240,3.32500,1.78370,3.32240,2.19400,0.2907,0.2678
2023-03-31,181.22700,104.56100,76.66600,17.80100,48.33600,66.13700,10.52900,2.31500,12.84400,3.74500,9.09900,9.09900,9.09900,17.41700,10.52900,215.58800,218.74900,0.04000,0.04000,5.41870,42.30390,5.80980,5.80980,7.08720,5.02080,0.21410,0.35600,2.00490,44.88950,1.31080,1.31190,1.07500,1.31080,3.16610,0.43510,0.39970
2022-12-31,280.76000,197.14900,83.61100,17.58200,54.93300,72.51500,11.09600,1.51000,12.60600,1.71500,10.89100,10.89100,10.89100,18.21200,11.09600,214.45800,220.58900,0.05000,0.05000,3.19320,29.78020,3.95210,3.95210,4.49000,3.87910,0.29570,0.56060,2.05630,43.76870,1.61890,1.62070,1.14690,1.61890,3.06270,0.5306,0.4997
2022-09-30,176.99600,95.16200,81.83400,18.74700,45.66600,64.41300,17.42100,0.23500,17.65600,5.21200,12.44400,12.44400,12.44400,25.13300,17.42100,215.34800,220.35400,0.06000,0.06000,5.21590,46.23490,9.84260,9.84260,9.97540,7.03070,0.19240,0.19670,2.01340,44.70000,1.67550,1.67770,1.35290,1.67550,3.36350,-0.056,-0.0977
2022-06-30,183.75700,98.32900,85.42800,20.05500,45.34400,65.39900,20.02900,0.32200,20.35100,6.52400,13.82700,13.82700,13.82700,26.12800,20.02900,214.85200,220.79200,0.06000,0.06000,4.27290,46.48970,10.89970,10.89970,11.07500,7.52460,0.19410,0.20310,2.26690,39.70180,1.89860,1.90160,1.46070,1.89860,3.27770,-0.0116,-0.0477
2022-03-31,244.78300,145.76300,99.02000,20.53000,47.08300,67.61300,31.40700,-0.03900,31.36800,7.86400,23.50400,23.50400,23.50400,37.43700,31.40700,212.40300,220.96800,0.11000,0.11000,3.77940,40.45220,12.83060,12.83060,12.81460,9.60200,0.25340,0.30180,1.99370,45.14280,3.32620,3.33250,2.43270,3.32620,3.18570,0.07050,0.02610
2021-12-31,387.82610,283.00400,104.82210,22.97900,56.00200,78.98100,25.84110,-0.04100,25.80000,13.87600,11.92400,11.92400,11.92400,31.86410,25.84100,208.83400,219.77600,0.05000,0.05000,3.00970,27.02810,6.66310,6.66300,6.65250,3.07460,0.38540,0.62310,1.94390,46.29840,1.76920,1.77320,1.18500,1.76920,3.03710,0.11,0.0734
2021-09-30,260.08600,158.02300,102.06300,20.53100,43.78400,64.31500,37.74800,0.02400,37.77200,7.76700,30.00500,30.00500,30.00500,42.79600,37.74800,208.98800,224.33100,0.14000,0.13000,2.89470,39.24200,14.51370,14.51370,14.52290,11.53660,0.26520,0.30120,1.81720,49.52550,4.59340,4.60550,3.05980,4.59340,2.94010,-0.3453,-0.3993
2021-06-30,334.49300,204.19800,130.29500,20.60600,45.53700,66.14300,64.15200,0.01400,64.16600,15.04000,49.12600,49.12600,49.12600,68.51300,64.15200,208.20500,222.94700,0.24000,0.22000,2.61870,38.95300,19.17890,19.17890,19.18310,14.68670,0.34330,0.47830,2.04330,44.04580,8.00600,8.03090,5.04220,8.00600,2.76090,-0.1368,-0.1715
2021-03-31,323.82200,203.55200,120.27000,15.69800,39.90800,55.60600,64.66400,-0.02900,64.63500,15.21700,49.41800,49.41800,49.41800,68.62000,64.66400,207.31000,208.45800,0.24000,0.24000,2.69970,37.14080,19.96900,19.96900,19.96000,15.26090,0.38540,0.67450,2.09790,42.90020,9.17790,9.21360,5.88180,9.17790,2.43240,-0.10540,-0.14300
2020-12-31,370.96600,246.21700,124.74900,11.14600,34.01900,45.16500,79.58400,-0.07600,79.50800,18.06000,61.44800,61.44800,61.44800,83.56400,79.58400,208.11600,208.11600,0.29000,0.29000,1.55500,33.62820,21.45320,21.45320,21.43270,16.56430,0.63810,0.98980,2.27680,39.52870,26.84200,27.11200,10.56900,26.84200,1.10000,0.2922,0.2684
2020-09-30,209.00500,119.45500,89.55000,9.97700,21.85500,31.83200,57.71800,-0.30200,57.41600,12.20500,45.21100,45.21100,45.21100,61.16900,57.71800,208.11600,208.11600,0.22000,0.22000,,42.84590,27.61560,27.61560,27.47110,21.63150,,,,,,,,,,0.3466,0.3245
2020-06-30,235.33600,162.02900,73.30700,8.63600,18.91000,27.54600,45.76100,-0.36800,45.39300,10.51400,34.87900,34.87900,34.87900,49.20000,45.76100,208.11600,208.11600,0.17000,0.17000,,31.14990,19.44500,19.44500,19.28860,14.82090,,,,,,,,,,0.523,0.5012
2020-03-31,143.72300,98.95500,44.76800,9.17100,18.14700,27.31800,17.45000,-0.57400,16.87600,3.83600,13.04000,13.04000,13.04000,20.69600,17.45000,208.11610,208.11610,0.06000,0.06000,,31.14880,12.14140,12.14140,11.74200,9.07300,,,,,,,,,,0.03090,-0.00630
2019-12-31,,,,,,,,,,,,,,,,,,,0.00000,,,,,,,,,,,,,,,,0,0
2018-12-31,,,,,,,,,,,,,,,,,,,0.00000,,,,,,,,,,,,,,,,0,0
