Date,revenue,cost-goods-sold,gross-profit,research-development-expenses,selling-general-administrative-expenses,operating-expenses,operating-income,total-non-operating-income-expense,pre-tax-income,total-provision-income-taxes,income-after-taxes,income-from-continuous-operations,net-income,ebitda,ebit,basic-shares-outstanding,shares-outstanding,eps-basic-net-earnings-per-share,eps-earnings-per-share-diluted,current-ratio,long-term-debt-capital,debt-equity-ratio,gross-margin,operating-margin,ebit-margin,pre-tax-profit-margin,net-profit-margin,asset-turnover,inventory-turnover,receiveable-turnover,days-sales-in-receivables,roe,return-on-tangible-equity,roa,roi,book-value-per-share,operating-cash-flow-per-share,free-cash-flow-per-share
2024-09-30,304.19900,234.53800,69.66100,16.53300,74.07200,90.60500,-20.94400,-3.62400,-24.56800,27.01800,-51.58600,-51.58600,-51.70800,-8.06400,-20.94400,104.39700,104.39700,-0.56000,-0.56000,1.58270,0.21610,0.29610,22.89980,-6.88500,-6.88500,-8.07630,-16.99810,0.25290,0.80050,1.70800,52.69310,-8.61940,-78.66470,-4.28930,-6.75670,5.71670,0.2422,0.2106
2024-06-30,261.30000,198.21500,63.08500,17.41100,70.38800,87.79900,-24.71400,-2.79400,-27.50800,-4.00100,-23.50700,-23.50700,-29.57900,-12.12000,-24.71400,103.95600,103.95600,-0.28000,-0.28000,1.79600,0.20470,0.27620,24.14280,-9.45810,-9.45810,-10.52740,-11.31990,0.21170,0.74650,1.38570,64.94740,-3.60120,-18.13070,-1.90460,-2.86390,6.27220,-0.1766,-0.2007
2024-03-31,337.25700,250.61800,86.63900,16.64100,80.21700,96.85800,-10.21900,-2.58700,-12.80600,-1.77700,-11.02900,-11.02900,-12.54000,2.38300,-10.21900,103.56300,103.56300,-0.12000,-0.12000,1.81580,0.20260,0.27230,25.68930,-3.03000,-3.03000,-3.79710,-3.71820,0.26830,0.99550,1.64580,54.68470,-1.63800,-7.83500,-0.87730,-1.30610,6.48310,-0.25410,-0.27840
2023-12-31,417.28600,314.61210,102.67390,16.71900,73.83100,90.55000,12.12390,-3.96700,8.15700,0.58100,7.57600,7.57600,6.22300,25.47990,12.12400,102.48200,106.27600,0.06000,0.06000,1.70040,0.21530,0.29230,24.60520,2.90540,2.90540,1.95480,1.49130,0.30740,1.30990,1.64760,54.62470,1.11730,5.59820,0.55810,0.87680,6.56670,0.5272,0.512
2023-09-30,363.19300,273.84000,89.35300,16.11100,74.00000,90.11100,-0.75800,-2.22500,-2.98300,-0.09700,-2.88600,-2.88600,-3.07900,11.83200,-0.75800,102.86300,102.86300,-0.03000,-0.03000,1.72110,0.24190,0.33740,24.60210,-0.20870,-0.20870,-0.82130,-0.84780,0.27140,1.16250,1.44650,62.21790,-0.43730,-2.65570,-0.21570,-0.33150,6.41000,-0.1012,-0.1361
2023-06-30,325.43200,242.60000,82.83200,15.59300,69.95300,85.54600,-2.71400,-3.65200,-6.36600,-2.28700,-4.07900,-4.07900,1.09700,10.07900,-2.71400,102.30400,106.50200,0.01000,0.01000,1.80920,0.24810,0.34550,25.45290,-0.83400,-0.83400,-1.95620,0.33710,0.24670,1.14140,1.47780,60.90280,-0.61930,-3.62750,-0.30930,-0.46560,6.41070,0.0016,-0.0224
2023-03-31,353.96400,268.56000,85.40400,16.83800,67.52900,84.36700,1.03700,-3.32400,-2.28700,-0.63900,-1.64800,-1.64800,-1.05400,13.67500,1.03700,101.68500,101.68500,-0.01000,-0.01000,1.81420,0.25510,0.35540,24.12790,0.29300,0.29300,-0.64610,-0.29780,0.27280,1.42490,1.60170,56.19010,-0.25600,-1.86490,-0.12700,-0.19070,6.30940,0.41130,0.36530
2022-12-31,398.73000,300.87300,97.85700,15.74100,68.47600,84.21700,13.64000,-5.08000,8.56000,1.44200,7.11800,7.11800,10.24200,25.94200,13.64000,96.28000,96.28000,0.13000,0.13000,1.81570,0.26800,0.37640,24.54220,3.42090,3.42090,2.14680,2.56870,0.30740,1.56120,1.69200,53.19150,1.12260,10.15910,0.54870,0.82170,6.25410,0.2186,0.1524
2022-09-30,311.76900,240.20900,71.56000,15.61600,66.93200,82.54800,-10.98800,-1.07200,-12.06000,-6.11500,-5.94500,-5.94500,-8.90100,1.91000,-10.98800,95.85800,95.85800,-0.09000,-0.09000,1.58570,0.31210,0.46240,22.95290,-3.52440,-3.52440,-3.86820,-2.85500,0.26350,0.96110,1.99450,45.12310,-1.12810,13.64600,-0.50240,-0.77610,5.49240,0.3656,0.2834
2022-06-30,283.90800,247.44900,36.45900,18.02600,73.39300,91.41900,-54.96000,-1.04300,-56.00300,-4.16400,-51.83900,-51.83900,-59.39200,-38.98100,-54.96000,95.46700,95.46700,-0.62000,-0.62000,1.55580,0.30980,0.45760,12.84180,-19.35840,-19.35840,-19.72580,-20.91950,0.23050,0.84570,1.66700,53.98870,-9.67850,106.27960,-4.20810,-6.68040,5.59210,0.1694,0.0903
2022-03-31,380.69100,289.93500,90.75600,17.11000,76.13100,93.24100,-2.48500,-1.77800,-4.26300,-0.98300,-3.28000,-3.28000,-2.87300,10.25700,-2.48500,95.27500,95.27500,-0.05000,-0.05000,1.62830,0.28990,0.41620,23.83980,-0.65270,-0.65270,-1.11980,-0.75470,0.28850,0.96510,1.60990,55.90490,-0.55400,53.29870,-0.24860,-0.39340,6.20840,-0.06410,-0.10990
2021-12-31,510.62210,388.80900,121.81310,15.13800,81.53800,96.67600,25.13710,-2.67600,22.46100,-2.25400,24.71500,24.71500,24.71500,36.61810,25.13700,93.26000,100.00400,0.25000,0.24000,1.57980,0.29950,0.43590,23.85580,4.92280,4.92280,4.39880,4.84020,0.38180,1.30340,1.75300,51.34100,4.34990,97.23810,1.84800,3.04720,6.01190,-0.0486,-0.0816
2021-09-30,391.12100,289.75900,101.36200,14.49500,76.11200,90.60700,10.75500,-8.60400,2.15100,0.37400,1.77700,1.77700,1.77700,22.42200,10.75500,93.91800,100.04100,0.02000,0.02000,1.48910,0.31250,0.46340,25.91580,2.74980,2.74980,0.55000,0.45430,0.29150,0.87290,1.54960,58.08060,0.33090,-16.27430,0.13240,0.22750,5.70160,-0.343,-0.3708
2021-06-30,472.90300,342.55200,130.35100,15.46900,80.16900,95.63800,34.71300,-4.68300,30.03000,2.28500,27.74500,27.74500,27.74500,46.44200,34.71300,92.79200,100.07400,0.30000,0.28000,1.48160,0.33760,0.50980,27.56400,7.34040,7.34040,6.35010,5.86700,0.34310,1.25290,1.82740,49.25110,5.23800,-98.28200,2.01280,3.46940,5.64760,0.3164,0.2878
2021-03-31,529.41400,369.08600,160.32800,15.18600,77.85300,93.03900,67.28900,-7.37100,59.91800,13.19500,46.72300,46.72300,46.72300,78.96400,67.28900,91.95100,100.21100,0.51000,0.47000,1.42540,0.37630,0.60330,30.28410,12.71010,12.71010,11.31780,8.82540,0.39700,1.57320,1.74050,51.70940,9.58010,-59.42520,3.50400,5.97510,5.29620,0.27710,0.25680
2020-12-31,556.33890,402.54000,153.79890,13.77900,81.12700,94.90610,58.89290,-7.17400,51.71900,8.67600,43.04300,43.04300,43.04300,70.63690,58.89290,86.25600,90.57700,0.49000,0.47000,1.36720,0.42360,0.73480,27.64480,10.58580,10.58580,9.29630,7.73680,0.42340,1.78110,1.89470,47.50090,9.84090,-31.95780,3.27540,5.67260,4.75760,0.7516,0.7087
2020-09-30,457.10300,329.15900,127.94400,12.90200,65.32100,78.22300,49.72100,-10.14700,39.57400,3.21700,36.35700,36.35700,36.35700,61.27600,49.72100,84.87100,90.08400,0.43000,0.40000,1.41240,0.48780,0.95250,27.99020,10.87740,10.87740,8.65760,7.95380,0.36400,1.56630,1.76120,51.10180,9.35700,-19.29090,2.89530,4.79240,4.22730,0.2379,0.2164
2020-06-30,380.40700,275.34300,105.06400,11.82700,56.82700,68.65400,36.41000,-9.56100,26.84900,4.24900,22.60000,22.60000,22.60000,47.71100,36.41000,84.09800,86.33300,0.27000,0.26000,,,,27.61880,9.57130,9.57130,7.05800,5.94100,,,,,,,,,,0.8526,0.8392
2020-03-31,308.51800,229.89600,78.62200,11.55600,53.72900,65.28500,13.33700,-9.43700,3.90000,2.68300,1.21700,1.21700,1.21700,24.52100,13.33700,84.07900,86.07000,0.01000,0.01000,,,,25.48380,4.32290,4.32290,1.26410,0.39450,,,,,,,,,,0.02320,0.00180
2019-12-31,,,,,,,,,,,,,,,,,,,0.00000,,,,,,,,,,,,,,,,,,-0.0146,0.0754
2019-09-30,284.37200,224.14500,60.22700,9.45400,39.81100,49.26500,10.96200,-9.51800,1.44400,-0.07500,1.51900,1.51900,1.51900,10.96200,10.96200,75.93900,77.88400,0.02000,0.02000,,,,21.17900,3.85480,3.85480,0.50780,0.53420,,,,,,,,,,0.0146,-0.0754
2018-12-31,,,,,,,,,,,,,,,,,,,0.00000,,,,,,,,,,,,,,,,,,0,0
