Date,revenue,cost-goods-sold,gross-profit,research-development-expenses,selling-general-administrative-expenses,other-operating-income-expenses,operating-expenses,operating-income,total-non-operating-income-expense,pre-tax-income,total-provision-income-taxes,income-after-taxes,income-from-continuous-operations,income-from-discontinued-operations,net-income,ebitda,ebit,basic-shares-outstanding,shares-outstanding,eps-basic-net-earnings-per-share,eps-earnings-per-share-diluted,current-ratio,long-term-debt-capital,debt-equity-ratio,gross-margin,operating-margin,ebit-margin,pre-tax-profit-margin,net-profit-margin,asset-turnover,inventory-turnover,receiveable-turnover,days-sales-in-receivables,roe,return-on-tangible-equity,roa,roi,book-value-per-share,operating-cash-flow-per-share,free-cash-flow-per-share
2024-09-30,1.87100,0.91400,0.95700,2.79900,2.99200,-1.45900,7.25000,-6.29300,0.42600,-5.86700,-0.11200,-5.75500,-5.75500,,-5.75500,-5.85300,-6.29300,3.10700,3.10700,-1.85000,-1.85000,3.45550,,,51.14910,-336.34410,-336.34410,-313.57560,-307.58950,0.04270,0.27650,0.92850,96.92680,-28.75490,-31.60870,-13.14860,-28.75490,6.41060,-2.0165,-1.966
2024-06-30,2.33700,1.51800,0.81900,1.53000,3.04400,,4.57400,-3.75500,1.85900,-1.89600,-0.47400,-1.42200,-1.42200,,-1.42200,-3.06300,-3.75500,2.22030,2.22030,-0.64000,-0.64000,3.35500,,,35.04490,-160.67610,-160.67610,-81.12970,-60.84730,0.04670,0.49690,1.72470,52.18230,-5.42190,-6.21180,-2.84140,-5.42190,8.56650,1.8269,1.5063
2024-03-31,0.00400,0.01600,-0.01200,2.58400,3.51400,,6.09800,-6.11000,0.35800,-5.75200,,-5.75200,-5.75200,,-5.75200,-6.06600,-6.11000,1.21400,1.21400,-4.74000,-4.74000,5.93960,,,-300.00000,-152750.00000,-152750.00000,-143800.00000,-143800.00000,0.00010,0.25000,0.01300,6930.00000,-44.34860,-44.34850,-18.09260,-44.34850,10.68400,-3.53390,-3.53800
2023-12-31,-0.97400,-1.53700,0.56300,8.42100,3.71800,,12.13900,-11.57600,1.36200,-10.21400,,-10.66100,-10.66100,,-10.66100,-14.09800,-11.57600,1.21400,1.21400,-9.24000,-9.24000,8.59420,,,-57.80290,1188.50100,1188.50100,1048.66500,1094.55900,-0.04100,-0.38340,-3.35860,-26.79670,-50.68220,-50.69910,-44.89790,-50.68220,11.38260,-13.2908,-13.2334
2023-09-30,1.95200,1.14700,0.80500,0.43600,1.48000,,1.91600,-1.11100,0.12300,-0.98800,-0.21200,-0.77600,-0.77600,,-0.77600,-0.74800,-1.11100,1.84800,1.84800,-0.42000,-0.42000,9.91270,,,41.23980,-56.91600,-56.91600,-50.61480,-39.75410,0.04590,12.60440,2.94860,30.52250,-2.95300,-2.95300,-1.82650,-2.95300,21.64580,0.079,0.052
2023-06-30,1.39200,0.59500,0.79700,0.69100,1.22000,,1.91100,-1.11400,0.01900,-1.09500,-0.23500,-0.86000,-0.86000,,-0.86000,0.32700,-1.11400,1.84680,1.84680,-0.47000,-0.47000,11.25660,,,57.25580,-80.02870,-80.02870,-78.66380,-61.78160,0.02990,6.39790,1.42480,63.16810,-2.95750,-2.95750,-1.85010,-2.95750,23.95310,2.4561,2.4118
2023-03-31,2.12800,0.01700,2.11100,4.01200,2.30600,,6.31800,-4.20700,-0.04800,-4.25500,,-4.25500,-4.25500,,-4.25500,-4.92700,-4.20700,1.21400,1.21400,-3.51000,-3.51000,7.88130,,,99.20110,-197.69740,-197.69740,-199.95300,-199.95300,0.04150,0.07490,1.06030,84.88250,-13.63430,-13.63430,-8.29730,-13.63430,25.70680,-3.34520,-3.34690
2022-12-31,2.48500,0.05100,2.43400,4.42500,2.01200,,6.43700,-4.00300,-8.44800,-12.45100,,-12.45100,-12.45100,,-12.45100,-3.72400,-4.00300,1.21400,1.21400,-10.28000,-10.28000,7.87730,,,97.94770,-161.08650,-161.08650,-501.04630,-501.04630,0.04440,0.22270,1.15050,78.22940,-34.80270,-34.80270,-22.22360,-34.80270,29.47030,-2.8207,-2.7828
2022-09-30,1.86000,0.01400,1.84600,3.29300,2.27400,,5.56700,-3.72100,0.30100,-3.42000,,-3.42000,-3.42000,,-3.42000,-4.93600,-3.72100,1.21400,1.21400,-2.80000,-2.80000,9.82070,,,99.24730,-200.05370,-200.05370,-183.87100,-183.87100,0.02790,0.05880,0.89340,100.74190,-6.92060,-8.17260,-5.13470,-6.92060,40.70780,-3.2496,-3.257
2022-06-30,-0.22200,0.01300,-0.23500,2.39800,2.08300,,4.48100,-4.71600,0.50000,-4.21600,,-4.21600,-4.21600,,-4.21600,-4.55700,-4.71600,1.21400,1.21400,-3.48000,-3.48000,9.86000,,,105.85590,2124.32400,2124.32400,1899.09900,1899.09900,-0.00310,0.04980,-0.09670,-930.81080,-7.76510,-9.11880,-5.86980,-7.76510,44.72320,-3.995,-4.0297
2022-03-31,1.51700,0.07900,1.43800,2.39000,1.86100,,4.25100,-2.81300,0.17300,-2.64000,,-2.64000,-2.64000,,-2.64000,-3.60500,-2.81300,1.21400,1.21400,-2.16000,-2.16000,11.84200,,,94.79240,-185.43180,-185.43180,-174.02770,-174.02770,0.01990,0.28420,0.69810,128.91890,-4.96620,-5.92330,-3.45800,-4.96620,43.78940,-1.20350,-1.20840
2021-12-31,0.95600,0.01800,0.93800,1.86300,2.20600,,4.06900,-3.13100,0.25700,-2.87400,0.02000,-2.89400,-2.89400,,-2.89400,-3.16000,-3.13100,1.14930,1.14930,-1.96000,-1.96000,9.11920,,,98.11720,-327.51030,-327.51030,-300.62760,-302.71960,0.01190,0.24660,0.26010,345.97280,-5.46180,-6.54290,-3.61290,-5.46180,43.64580,-2.3816,-2.387
2021-09-30,1.05200,0.03100,1.02100,1.48500,1.58800,,3.07300,-2.05200,0.12000,-1.93200,,-1.93200,-1.93200,,-1.93200,-2.60400,-2.05200,1.21300,1.21300,-1.60000,-1.60000,15.15600,,,97.05320,-195.05700,-195.05700,-183.65020,-183.65020,0.01280,0.54390,1.15600,77.85170,-3.22400,-3.79140,-2.35490,-3.22400,49.40440,-1.2236,-1.2277
2021-06-30,1.58400,0.01200,1.57200,1.76800,1.96300,,3.73100,-2.15900,0.07500,-2.08400,,-2.08400,-2.08400,,-2.08400,-2.61500,-2.15900,1.21200,1.21200,-1.72000,-1.72000,16.43460,,,99.24240,-136.30050,-136.30050,-131.56570,-131.56570,0.01880,0.20340,1.06100,84.82950,-3.39710,-3.98680,-2.47060,-3.39710,50.57590,-2.7665,-2.7644
2021-03-31,1.66800,0.02900,1.63900,1.45800,1.51000,,2.96800,-1.32900,-0.25800,-1.58700,-0.12900,-1.45800,-1.45800,,-1.45800,-1.81700,-1.32900,0.95450,0.95450,-2.00000,-2.00000,15.68060,,,98.26140,-79.67630,-79.67630,-95.14390,-87.41010,0.01920,0.48330,1.55160,58.00360,-2.27190,-2.64130,-1.67560,-2.27190,52.96900,-1.09490,-1.11270
2020-12-31,2.36600,1.41000,0.95600,0.62600,1.71800,0.13900,2.20500,-1.24900,0.33300,-0.91600,,-1.31100,-1.31100,,-1.31100,0.10700,-1.24900,0.41080,0.41080,1.00000,1.00000,5.82330,,,40.40580,-52.78950,-52.78950,-38.71510,-55.41000,0.06390,67.14290,1.03680,86.80480,-9.92350,-30.22830,-3.54280,-9.92350,21.07720,1.7747,1.7787
2020-09-30,0.12800,0.03300,0.09500,0.37200,1.46300,,1.83500,-1.74000,0.60400,-1.13600,,-1.13600,-1.13600,,-1.13600,-1.71600,-1.74000,0.56210,0.56210,-2.00000,-2.00000,12.97500,,,74.21870,-1359.37500,-1359.37500,-887.50000,-887.50000,0.00400,0.08890,0.15220,591.32810,-7.49930,-16.91990,-3.52020,-7.49930,24.16760,8.8165,8.8017
2020-06-30,0.06800,0.01200,0.05600,0.18900,1.34000,0.03400,1.49500,-1.43900,-2.01100,-3.45000,,-3.45000,-3.45000,,-3.45000,-1.42300,-1.43900,0.23520,0.23520,-15.00000,-15.00000,3.57760,,,82.35290,-2116.17700,-2116.17700,-5073.52900,-5073.52900,0.00380,0.03200,0.08350,1077.35300,-370.57240,48.21800,-19.52570,-370.56930,3.94760,-9.4614,-9.4359
2020-03-31,1.09000,0.86200,0.22800,0.31900,1.37200,0.18500,1.50600,-1.27800,2.05700,0.77900,,0.77900,0.77900,,0.77900,-1.18500,-1.27800,0.21520,0.21860,4.00000,4.00000,3.46190,,,20.91740,-117.24770,-117.24770,71.46790,71.46790,0.05550,2.34880,1.63910,54.90830,46.17670,-12.50400,3.96620,46.17660,7.18700,-11.18020,-11.18020
2019-12-31,0.01800,0.30900,-0.29100,0.26300,1.72900,0.25400,1.47200,-1.76300,0.56900,-1.19400,,-1.00600,-1.00600,,-1.00600,-1.72200,-1.76300,0.17490,0.17490,-4.00000,-4.00000,1.92790,,,-1616.66600,-9794.44400,-9794.44700,-6633.33200,-5588.88700,0.00090,0.25690,0.02740,3289.99900,40.84470,9.53280,-5.03480,40.84450,-12.31810,-15.2918,-15.2918
2019-09-30,0.28300,,0.28300,0.47500,1.74100,0.12500,,-1.80800,1.47700,-0.33100,,-0.33100,-0.33100,,-0.33100,-1.70800,-1.80800,0.16890,0.16890,-2.00000,-2.00000,2.33960,,,100.00000,-638.86930,-638.86930,-116.96110,-116.96110,0.01320,,0.48210,186.67850,15.09360,3.28180,-1.53940,15.09350,-10.96770,-16.0265,-16.0265
2019-06-30,0.19400,0.10100,0.09300,0.57100,2.41800,-0.06400,3.82600,-3.73300,3.93900,0.20600,,0.20600,0.20600,,0.20600,-3.68100,-3.73300,0.16620,0.17260,1.00000,1.00000,1.67600,,,47.93810,-1924.22700,-1924.22700,106.18560,106.18560,0.00930,0.17970,0.39270,229.17520,-6.80320,-1.83030,0.99270,-6.80320,-18.20590,-11.7048,-11.7048
2019-03-31,0.03700,,0.03700,0.52800,1.94100,-0.50600,,-2.93800,-1.97300,-4.91100,,-4.91100,-4.91100,,-4.91100,-2.89000,-2.93800,0.16440,0.16440,-30.00000,-30.00000,2.38360,,,100.00000,-7940.54100,-7940.54100,-13272.97000,-13272.97000,0.00170,,0.06050,1488.64900,137.94950,42.08950,-21.93980,137.94940,-21.65320,-18.28360,-18.28360
2018-12-31,1.39200,1.41300,-0.02100,0.76700,2.25300,,3.02000,-3.04100,-2.72100,-5.76200,-0.63600,-5.12600,-5.12600,,-5.12600,-3.09800,-3.04100,0.16440,0.17040,-32.00000,-32.00000,,,,,,,,,,,,,,,,,,,
2018-09-30,0.66300,0.49400,0.16900,0.35800,2.82200,,3.18000,-3.01100,-0.04500,-3.05600,-0.54700,-2.50900,-2.50900,,-2.50900,,-3.01100,0.16440,0.16440,-15.00000,-15.00000,,,,,,,,,,,,,,,,,,,
2018-06-30,0.16800,0.19700,-0.02900,0.97400,2.50100,,3.47500,-3.50400,0.66900,-2.83500,-0.23300,-2.60200,-2.60200,,-2.60200,-3.48300,-3.50400,0.16440,0.16440,-16.00000,-16.00000,4.04380,,,-17.26190,-2085.71400,-2085.71400,-1687.50000,-1548.81000,0.00530,0.14100,0.34930,257.67860,-27.36070,-251.64420,-8.22530,-27.36070,57.84320,-28.7348,-28.7346
2018-03-31,24.65800,,24.65800,0.83300,4.42700,,,19.39800,1.89400,21.29200,6.86800,14.42400,14.42400,,14.42400,18.87100,19.39800,0.16440,0.16490,88.00000,87.00000,3.67540,,,100.00000,78.66820,78.66820,86.34930,58.49620,0.67670,,81.11190,1.10960,124.96960,556.05200,39.58180,124.96970,70.20680,101.35810,101.42480
2017-12-31,0.17800,,0.17800,0.52600,3.23000,,,-3.57800,-0.38500,-3.96300,,-0.48400,-0.48400,,-0.48400,-3.65800,-3.57800,0.14960,0.14960,-2.00000,-2.00000,1.62610,,,100.00000,-2010.11400,-2010.11400,-2226.40400,-271.91000,0.00800,,0.80540,111.74160,17.39130,4.21380,-2.18070,17.39130,-16.92720,-36.827,-35.8851
2017-09-30,0.24100,,0.24100,4.12400,3.31700,,,-7.20000,-2.43100,-9.63100,,-9.63100,-9.63100,,-9.63100,-7.33000,-7.20000,0.15800,0.15800,-61.00000,-61.00000,2.31860,,,100.00000,-2987.55200,-2987.55200,-3996.26600,-3996.26500,0.01070,,0.85160,105.68460,492.63770,91.41040,-42.73230,492.63430,-11.89100,-25.1119,-24.9759
2017-06-30,0.24300,,0.24300,3.59900,3.32300,,,-6.67900,4.12900,-2.55000,,-2.55000,-2.55000,,-2.55000,-6.68300,-6.67900,0.14090,0.14090,-18.00000,-18.00000,3.70670,,,100.00000,-2748.56000,-2748.56000,-1049.38300,-1049.38300,0.00990,,0.99180,90.74070,-56.78040,67.21140,-10.40560,-56.78020,30.65530,-38.4092,-38.4225
2017-03-31,0.26100,,0.26100,2.45500,3.42300,,,-5.61700,1.48600,-4.13100,,-4.13100,-4.13100,,-4.13100,-5.76700,-5.61700,0.13180,0.13180,-31.00000,-31.00000,5.60010,,,100.00000,-2152.10700,-2152.10700,-1582.75900,-1582.75900,0.00930,,1.08750,82.75860,-77.18600,168.68100,-14.71100,-77.18610,38.77140,-52.82390,-52.83900
2016-12-31,0.30400,,0.30400,4.61900,3.28300,,,-7.59800,-0.62200,-8.22000,,-8.22000,-8.22000,,-8.22000,-7.51400,-7.59800,0.10350,0.10350,-72.00000,-72.00000,5.40980,,,100.00000,-2499.34200,-2499.34300,-2703.94700,-2703.94700,0.00960,,0.83290,108.05920,-132.32460,582.56540,-25.96420,-132.32450,48.08790,-70.5232,-70.5889
2016-09-30,0.26900,,0.26900,4.51200,3.46000,,,-7.70300,1.64800,-6.05500,,-6.05500,-6.05500,,-6.05500,-7.83600,-7.70300,0.09950,0.09950,-61.00000,-61.00000,3.97830,,,100.00000,-2863.56900,-2863.56900,-2250.92900,-2250.92900,0.00850,,0.70050,128.47580,-184.49040,122.89430,-19.07750,-184.49120,32.51440,-57.0275,-57.1575
2016-06-30,0.09600,,0.09600,3.70700,3.57300,,,-7.18400,0.17600,-7.00800,,-7.00800,-7.00800,,-7.00800,-7.19800,-7.18400,0.09940,0.09940,-71.00000,-71.00000,5.04210,,,100.00000,-7483.33300,-7483.33300,-7300.00000,-7300.00000,0.00260,,0.14980,600.93750,-77.42800,-828.36810,-18.90630,-77.42790,91.05760,-63.6568,-64.0493
2016-03-31,0.24200,,0.24200,3.65700,3.57600,,,-6.99100,3.31500,-3.67600,,-3.67600,-3.67600,,-3.67600,-6.99300,-6.99100,0.09930,0.09930,-37.00000,-37.00000,6.45960,,,100.00000,-2888.84300,-2888.84300,-1519.00800,-1519.00800,0.00550,,0.52160,172.56200,-22.55630,-46.47280,-8.34580,-22.55630,164.13540,-89.11270,-89.14290
2015-12-31,0.10200,,0.10200,4.25000,5.72000,,,-9.86800,-0.20000,-10.05000,0.00000,-10.05000,-10.04300,0.02500,-10.01800,-9.87000,-9.86800,0.06880,0.07300,-146.00000,-146.00000,6.59830,,,107.84310,-9674.51000,-9674.51000,-9852.94100,-9821.56800,0.00200,,0.17060,527.64710,-46.46310,-74.16190,-19.50170,-46.46310,217.69560,645.8544,631.1947
2015-09-30,0.17300,,0.17300,4.05000,3.62400,,,-7.50100,-7.90000,-15.40100,,-15.40100,-15.40100,0.11100,-15.29000,-7.50700,-7.50100,0.02290,0.02290,-666.00000,-666.00000,2.12630,,,100.00000,-4335.83900,-4335.83900,-8902.31300,-8838.15000,0.00350,,0.18210,494.21970,-120.13270,-339.97780,-31.49490,-120.13260,,544.598,521.951
2015-06-30,0.19700,,0.19700,4.47600,3.71000,,,-7.98900,-7.15900,-15.14800,,-15.14800,-15.14800,0.04900,-15.09900,-7.81700,-7.98900,0.01110,0.01110,-1365.00000,-1365.00000,8.50990,,,100.00000,-4055.33000,-4055.33000,-7689.34000,-7664.46700,0.00340,,0.13590,662.43660,-161.14900,-1377.09200,-26.46400,-161.14890,,-232.592,-257.511
2015-03-31,0.07300,,0.07300,4.46600,5.14300,,,-9.53600,-0.10000,-9.63600,,-9.63600,-9.63600,-0.10000,-9.73600,-9.61000,-9.53600,0.00720,0.00720,-1359.00000,-1359.00000,8.80350,,,100.00000,-13063.01000,-13063.01000,-13200.00000,-13336.99000,0.00110,,0.04680,1923.28800,-47.28170,-77.77240,-14.76330,-47.28170,,-1421.42200,-1352.75800
2014-12-31,0.01100,,0.01100,6.28000,4.69000,,,-10.95900,15.04000,4.09000,0.11000,3.98000,3.99500,0.15800,4.15300,-12.81900,-10.95900,0.00650,0.00650,600.00000,600.00000,4.78340,,,90.90910,-99627.27000,-99627.27000,37181.82000,37754.54000,0.00020,,0.01280,7036.36400,27.58980,73.30280,8.42290,27.58980,2210.68700,-969.675,-970.43
2014-09-30,,,,6.14000,3.70000,,,-9.84000,-1.78000,-11.62000,0.00000,-11.62000,-11.62900,0.29200,-11.33700,-7.91000,-9.84000,0.00590,0.00590,-2000.00000,-2000.00000,5.98780,,,,,,,,,,,,-157.14860,567.26770,-20.94940,-157.14870,,-1013.618,-1016.83
2014-06-30,,,,5.46000,2.94000,,,-8.40000,3.16000,-5.24000,0.00000,-5.24000,-5.24900,0.22500,-5.02400,-7.74000,-8.40000,0.00570,0.00570,-900.00000,-900.00000,7.33570,,,,,,,,,,,,-51.20980,17496.82000,-9.69520,-51.25980,,-1058.246,-1062.236
2014-03-31,,,,5.83000,2.36000,,,-8.19000,3.89000,-4.30000,0.00000,-4.30000,-4.30400,-0.05200,-4.35600,-8.05000,-8.19000,0.00550,0.00550,-800.00000,-800.00000,8.39240,,,,,,,,,,,,-26.21200,-73.32200,-6.98250,-26.21190,,-1740.00000,-1741.27300
2013-12-31,,-26.92000,26.92000,5.34000,-0.29000,,5.05000,21.87000,-2.61000,-42.29000,0.00000,-42.29000,-10.59600,2.35300,-8.24300,61.45000,21.87000,0.00370,0.00370,-2200.00000,-2200.00000,6.30520,,,,,,,,,,,,-62.11020,-164.02480,-17.90170,-62.11020,,2406.667,2405.045
2013-09-30,21.05900,8.86000,12.19900,6.23000,2.97000,,9.20000,2.99900,0.84000,3.84000,0.00000,3.84000,3.84200,0.00000,3.84200,-11.68100,2.99900,0.00300,0.00300,1300.00000,1300.00000,4.22120,,,57.88500,14.24090,14.24090,18.23450,18.24400,0.42140,2.97320,2.94120,30.59970,21.82960,54.11270,7.68860,21.84200,,-2033.59,-2034.359
2013-06-30,30.08700,9.43000,20.65700,5.31000,5.84000,,11.15000,9.50700,-0.16000,9.33000,0.00000,9.33000,9.33000,0.00000,9.33000,-14.71300,9.50700,0.00260,0.00260,3700.00000,3700.00000,1.68810,,,68.60110,31.59840,31.59840,31.01010,31.01010,0.56860,2.62670,3.67810,24.46900,119.76880,-383.95070,17.63370,119.76890,,-3433.077,-3444.308
2013-03-31,16.59900,8.68000,7.91900,4.40000,3.79000,,8.19000,-0.27100,2.16000,1.88000,0.00000,1.88000,1.88600,0.00000,1.88600,-0.01100,-0.27100,0.00250,0.00250,700.00000,700.00000,3.33070,,,47.65350,-1.63260,-1.63260,11.32600,11.36210,0.27950,2.76430,2.48860,36.16480,-47.50640,-13.31920,3.17560,-47.62630,,-2340.00000,-2348.00000
2012-12-31,9.54500,7.50000,2.04500,5.53000,3.47000,,9.00000,-6.95500,-0.02000,-6.95000,0.00000,-6.95000,-6.94700,0.00000,-6.94700,-6.95500,-6.95500,0.00240,0.00240,-2900.00000,-2900.00000,3.39490,,,21.68680,-72.86540,-72.86540,-72.81300,-72.78160,0.14110,1.83820,1.19460,75.33790,103.84150,40.10970,-10.26750,103.84160,,-12837.5,-12950
2012-09-30,7.13900,5.55000,1.58900,4.34000,2.92000,,7.26000,-5.67100,-0.87000,-6.55000,,-6.55000,-6.55400,0.00000,-6.55400,-5.67100,-5.67100,0.00190,0.00190,-3500.00000,-3500.00000,3.11450,,,22.13200,-79.43690,-79.43690,-91.74960,-91.80560,0.12250,,0.67410,133.50610,,87.15430,-11.24960,87.15430,,0.1309,0.1318
2012-06-30,7.47100,6.26000,1.21100,5.16000,3.64000,,8.80000,-7.58900,12.14000,4.54000,0.00000,4.54000,4.54000,0.00000,4.54000,-8.61900,-7.58900,0.00190,0.00190,2399.52000,2399.52000,3.20900,,-0.02750,16.06210,-101.57940,-101.57940,60.76830,60.76830,0.11430,1.29070,1.92060,46.86120,-248.08610,-36.55390,6.94610,-249.45050,,-0.0531,-0.0537
2012-03-31,9.51000,7.51000,2.00000,5.57000,3.21000,,8.78000,-6.78000,-4.66000,-11.45000,0.00000,-11.45000,-11.45100,0.00000,-11.45100,-5.18000,-6.78000,0.00180,0.00180,-6598.68000,-6598.68000,3.48010,,,20.92530,-71.29340,-71.29340,-120.39960,-120.41010,0.12840,2.02430,1.46990,61.23030,131.77210,57.36970,-15.46390,132.07610,,-0.07780,-0.07810
2011-12-31,12.60000,8.13000,4.47000,7.80000,5.43000,,13.23000,-8.76000,1.42000,-7.26000,0.26000,-7.52000,-7.50000,0.00000,-7.50000,-6.33000,-8.76000,0.00180,0.00180,-4199.16000,-4199.16000,3.36300,,-0.01100,35.95240,-69.52380,-69.52380,-57.61910,-59.52380,0.16720,2.35650,1.63420,55.07140,164.83480,47.98460,-9.95220,165.19820,,-0.0708,-0.0706
2011-09-30,9.51400,7.92000,1.59400,5.66000,4.16000,,9.82000,-8.22600,9.32000,1.07000,0.00000,1.07000,1.07800,0.00000,1.07800,-8.55600,-8.22600,0.00160,0.00170,599.88000,599.88000,3.75740,-0.00500,-0.01720,16.60710,-86.46210,-86.46210,11.24660,11.33070,0.12730,1.89470,2.02860,44.36620,-26.48650,-6.92360,1.44190,-26.68320,,-0.0926,-0.0919
2011-06-30,6.52300,5.49000,1.03300,5.56000,3.43000,,8.99000,-7.95700,-2.59000,-10.56000,0.00000,-10.56000,-10.56900,0.00000,-10.56900,-7.54700,-7.95700,0.00150,0.00150,-7198.56000,-7198.56000,3.15280,-0.00390,-0.00780,15.63700,-121.98380,-121.98380,-161.88870,-162.02670,0.08230,1.12500,1.48250,60.70830,69.12360,36.45740,-13.34130,69.39590,,-0.0896,-0.0945
2011-03-31,7.38900,6.02000,1.36900,5.49000,3.15000,,8.64000,-7.27100,-1.92000,-9.21000,0.84000,-10.05000,-10.05700,0.00000,-10.05700,-6.91100,-7.27100,0.00140,0.00140,-7198.56000,-7198.56000,3.02160,-0.00260,-0.00510,18.40570,-98.40300,-98.40300,-124.64470,-136.10770,0.10710,1.55560,1.81100,49.69550,42.74120,27.12240,-14.57750,42.86870,,0.00970,0.00720
2010-12-31,9.97100,5.39000,4.58100,5.07000,3.11000,,8.82000,-4.23900,1.47000,-2.74000,0.00000,-2.74000,-2.74100,0.00000,-2.74100,-8.40900,-4.23900,0.00150,0.00150,-1799.64000,-1799.64000,3.27670,0.00720,0.01210,46.23410,-42.51330,-42.51330,-27.47970,-27.48970,0.13020,1.62840,2.19140,41.06910,-22.05150,23.52790,-3.57970,-21.89300,,-0.0752,-0.0757
2010-09-30,5.72600,4.29000,1.43600,4.06000,2.85000,,7.51000,-6.07400,-4.05000,-10.14000,0.00000,-10.14000,-10.14700,0.00000,-10.14700,-4.71400,-6.07400,0.00140,0.00140,-7198.56000,-7198.56000,3.53400,0.00540,0.00880,24.97380,-106.07750,-106.07750,-177.08700,-177.20920,0.07080,1.05930,4.65530,19.33290,-68.60710,100.76470,-12.54890,-68.23810,,-0.0368,-0.0366
2010-06-30,5.58400,4.41000,1.17400,5.02000,3.12000,,8.74000,-7.56600,3.13000,-4.45000,0.00000,-4.45000,-4.45000,0.00000,-4.45000,-5.42600,-7.56600,0.00120,0.00120,-3599.28000,-3599.28000,3.68130,0.00490,0.00710,20.77360,-135.49430,-135.49430,-79.69200,-79.69200,0.06530,1.17600,1.61860,55.60530,-19.76900,2225.03400,-5.20410,-19.68160,,-0.0702,-0.0703
2010-03-31,6.42200,4.61000,1.81200,5.70000,2.79000,,9.14000,-7.32800,1.46000,-5.88000,0.00000,-5.88000,-5.88000,0.00000,-5.88000,-5.06800,-7.32800,0.00110,0.00110,-5398.92000,-5398.92000,2.51720,0.03350,0.05050,28.02870,-114.10770,-114.10770,-91.56030,-91.56030,0.08920,1.32090,1.90560,47.22830,-185.48950,26.37950,-8.17010,-179.26830,,-0.16400,-0.16410
2009-12-31,40.18200,3.79000,36.39200,10.58000,6.20000,,24.94000,11.45200,0.51900,12.02000,0.00000,12.02000,12.03200,0.00000,12.03200,23.37200,11.45200,0.00100,0.00100,11397.72000,11397.72000,2.54470,0.01500,0.02060,90.63760,28.50030,28.50030,29.91390,29.94380,0.46580,0.85940,11.71490,7.68250,130.35760,-66.65930,13.94850,128.54700,,-0.1693,-0.17
2009-09-30,8.56500,4.48000,4.08500,9.73000,3.19000,,13.85000,-9.76500,-1.49200,-11.28000,0.00000,-11.28000,-11.28800,0.00000,-11.28800,-1.52500,-9.76500,0.00100,0.00100,-11397.72000,-11397.72000,2.37280,-0.01790,-0.02380,47.51900,-114.01050,-114.01050,-131.69880,-131.79220,0.08270,1.32150,2.29620,39.19440,141.27650,26.97250,-10.89470,143.97960,,-0.2174,-0.2239
2009-06-30,8.37900,4.54000,3.83900,12.07000,3.10000,,16.06000,-12.22100,-0.84000,-13.08000,0.00000,-13.08000,-13.08000,0.00000,-13.08000,-5.39100,-12.22100,0.00090,0.00090,-14397.12000,-14397.12000,2.61550,0.04270,0.05950,45.70950,-145.85270,-145.85270,-156.10460,-156.10460,0.07130,1.26820,1.94860,46.18690,-388.13020,44.18920,-11.13760,-372.64960,,-0.299,-0.2991
2009-03-31,6.11100,3.69000,2.42100,11.43000,3.55000,,15.84000,-13.41900,1.04800,-12.38000,0.00000,-12.38000,-12.38800,0.00000,-12.38800,-12.55900,-13.41900,0.00090,0.00090,-13797.24000,-13797.24000,2.82250,0.01750,0.02290,39.43710,-219.58760,-219.58760,-202.58550,-202.71640,0.05130,1.00550,2.49430,36.08250,-158.21200,52.49150,-10.40750,-155.04380,,0.28310,0.28200
