Date,revenue,cost-goods-sold,gross-profit,selling-general-administrative-expenses,operating-expenses,operating-income,total-non-operating-income-expense,pre-tax-income,total-provision-income-taxes,income-after-taxes,income-from-continuous-operations,net-income,ebitda,ebit,basic-shares-outstanding,shares-outstanding,eps-basic-net-earnings-per-share,eps-earnings-per-share-diluted,current-ratio,long-term-debt-capital,debt-equity-ratio,gross-margin,operating-margin,ebit-margin,pre-tax-profit-margin,net-profit-margin,asset-turnover,receiveable-turnover,days-sales-in-receivables,roe,return-on-tangible-equity,roa,roi,book-value-per-share,operating-cash-flow-per-share,free-cash-flow-per-share
2024-09-30,720.05300,644.25990,75.79300,27.21300,33.87500,41.91800,-23.76500,18.15300,21.77000,-3.61700,-3.61700,-3.65200,81.86800,41.91800,88.51800,88.51800,-0.04000,-0.04000,1.64310,0.62940,1.77500,10.52600,5.82150,5.82150,2.52110,-0.50720,0.34080,2.84580,31.62510,-0.68590,1.85170,-0.17120,-0.25420,5.95710,2.0012,1.9092
2024-06-30,672.07500,611.57100,60.50400,20.69800,27.35900,33.14500,-21.92200,11.22300,-0.47400,11.69700,11.69700,11.68700,73.91300,33.14500,84.62900,84.63600,0.14000,0.14000,2.04700,0.66000,2.02000,9.00260,4.93170,4.93170,1.66990,1.73890,0.30250,1.98700,45.29430,2.20520,-5.92690,0.52650,0.74970,5.99240,-0.6519,-0.9034
2024-03-31,528.02300,514.74400,13.27900,28.55000,35.21800,-21.93900,-24.06700,-46.00600,-20.77300,-25.23300,-25.23300,-25.05800,18.79800,-21.93900,88.51750,88.51750,-0.28000,-0.28000,1.39260,0.85520,6.17940,2.51490,-4.15490,-4.15490,-8.71290,-4.74560,0.24910,1.83460,49.05720,-12.75890,4.69200,-1.19060,-1.84720,2.28220,-0.25090,-0.57720
2023-12-31,665.31500,611.40700,53.90800,28.71200,249.36700,-195.45900,-24.69200,-220.15100,-7.30500,-212.84600,-212.84600,-210.66000,58.53600,-195.45900,,,,0.00000,1.62370,0.83370,5.25040,8.10260,-29.37840,-29.37840,-33.08970,-31.66320,0.30380,1.91480,47.00160,-94.18340,41.01480,-9.71940,-15.66630,2.60790,-0.8625,0.1413
2023-09-30,774.88900,687.27600,87.61300,27.99300,34.66300,52.95000,-26.02200,26.92800,10.01000,16.91800,16.91800,16.18200,95.53700,52.95000,71.66600,71.66600,0.23000,0.23000,,,,11.30650,6.83320,6.83320,3.47510,2.08830,,,,,,,,,1.1344,0.8164
2023-06-30,805.77900,715.80690,89.97210,30.10000,36.77000,53.20210,-23.64200,29.56000,11.03300,18.52700,18.52700,17.14600,95.07110,53.20210,71.66600,71.66600,0.24000,0.24000,,,,11.16580,6.60260,6.60260,3.66850,2.12790,,,,,,,,,-0.858,-1.3114
2023-03-31,653.29300,611.34400,41.94900,23.53900,30.20600,11.74300,-23.05600,-11.31300,-4.20800,-7.10500,-7.10500,-8.84400,54.58500,11.74300,88.51750,88.51750,-0.09900,-0.09900,,,,6.42120,1.79750,1.79750,-1.73170,-1.35380,,,,,,,,,0.58610,0.35370
2022-12-31,,,,,,,,,,,,,,,,,,0.00000,,,,,,,,,,,,,,,,,0,0
2021-12-31,,,,,,,,,,,,,,,,,,0.00000,,,,,,,,,,,,,,,,,0,0
