Date,revenue,cost-goods-sold,gross-profit,selling-general-administrative-expenses,other-operating-income-expenses,operating-expenses,operating-income,total-non-operating-income-expense,pre-tax-income,total-provision-income-taxes,income-after-taxes,income-from-continuous-operations,net-income,ebitda,ebit,basic-shares-outstanding,shares-outstanding,eps-basic-net-earnings-per-share,eps-earnings-per-share-diluted,current-ratio,gross-margin,operating-margin,ebit-margin,pre-tax-profit-margin,net-profit-margin,asset-turnover,receiveable-turnover,days-sales-in-receivables,roe,return-on-tangible-equity,roa,roi,book-value-per-share,operating-cash-flow-per-share,free-cash-flow-per-share
2024-09-30,12.60400,5.84000,6.76400,10.01600,,10.01600,-3.25200,0.23500,-3.01700,0.04500,-3.06200,-3.06200,-3.06200,1.22600,-3.25200,54.85000,54.85000,-0.06000,-0.06000,1.90140,53.66550,-25.80130,-25.80130,-23.93690,-24.29390,0.14390,2.80090,32.13270,-4.92160,-4.92160,-3.49680,-4.92160,1.12150,0.04,0.04
2024-06-30,12.39500,6.00400,6.39100,8.94000,,8.94000,-2.54900,0.57300,-1.97600,0.05500,-2.03100,-2.03100,-2.03100,2.23000,-2.54900,53.61300,53.61300,-0.04000,-0.04000,2.17430,51.56110,-20.56470,-20.56470,-15.94190,-16.38560,0.13640,2.69110,33.44410,-3.13310,-3.13310,-2.23490,-3.13310,1.20610,0.0408,0.0408
2024-03-31,12.00100,6.74800,5.25300,8.90700,,8.90700,-3.65400,-1.34700,-5.00100,0.03400,-5.03500,-5.03500,-5.03500,1.67800,-3.65400,53.30100,53.30100,-0.09000,-0.09000,2.00110,43.77140,-30.44750,-30.44750,-41.67150,-41.95480,0.12690,2.46120,36.56700,-7.51930,-7.51930,-5.32450,-7.51930,1.25620,0.01250,0.01250
2023-12-31,14.77500,8.12500,6.65000,11.41500,,11.41500,-4.76500,0.13300,-4.63200,0.02700,-4.65900,-4.65900,-4.65900,0.55900,-4.76500,53.04400,53.04400,-0.08000,-0.08000,1.93560,45.00850,-32.25040,-32.25040,-31.35030,-31.53300,0.14630,3.10400,28.99490,-6.41330,-6.41330,-4.61190,-6.41330,1.36330,-0.0479,-0.0479
2023-09-30,15.63000,8.49400,7.13600,12.06500,-18.97000,31.03500,-23.89900,-2.53300,-26.43200,0.13300,-26.56500,-26.56500,-26.56500,-18.38800,-23.89900,53.04000,53.04000,-0.50000,-0.50000,2.02500,45.65580,-152.90460,-152.90460,-169.11070,-169.96160,0.14700,2.27280,39.59890,-34.52740,-34.52740,-24.98870,-34.52740,1.44970,-0.0569,-0.0569
2023-06-30,14.09700,9.93300,4.16400,12.18300,,12.18300,-8.01900,-1.61400,-9.63300,0.28800,-9.92100,-9.92100,-9.92100,-1.43200,-8.01900,53.00600,53.00600,-0.19000,-0.19000,2.20590,29.53820,-56.88450,-56.88450,-68.33370,-70.37670,0.10590,1.55130,58.01450,-9.66710,-9.66710,-7.45280,-9.66710,1.93540,-0.081,-0.081
2023-03-31,12.38700,9.00100,3.38600,11.17400,,11.17400,-7.78800,0.09500,-7.69300,0.05800,-7.75100,-7.75100,-7.75100,-1.78300,-7.78800,52.95000,52.95000,-0.15000,-0.15000,2.31280,27.33510,-62.87240,-62.87240,-62.10540,-62.57370,0.08660,1.27710,70.46990,-6.97300,-6.97300,-5.41640,-6.97300,2.09880,-0.11910,-0.11920
2022-12-31,14.49900,13.13200,1.36700,16.72300,,16.72300,-15.35600,1.01200,-14.34400,0.20200,-14.54600,-14.54600,-14.54600,-8.94800,-15.35600,52.78700,52.78700,-0.27000,-0.27000,2.24520,9.42820,-105.91070,-105.91070,-98.93100,-100.32420,0.09410,1.33030,67.65360,-12.36630,-12.36630,-9.43850,-12.36630,2.22550,-0.1663,-0.1664
2022-09-30,23.56900,13.56600,10.00300,14.38300,,14.38300,-4.38000,-0.05800,-4.43800,0.06400,-4.50200,-4.50200,-4.50200,10.06400,-4.38000,52.79300,52.79300,-0.09000,-0.09000,2.19420,42.44140,-18.58370,-18.58370,-18.82980,-19.10140,0.13490,1.37420,65.49240,-3.45030,-3.45780,-2.57680,-3.45030,2.47110,-0.2385,-0.2386
2022-06-30,22.34800,12.98800,9.36000,21.81100,,25.41400,-16.05400,0.13300,-15.92100,0.05600,-15.97700,-15.97700,-15.97700,-5.38300,-16.05400,52.77500,52.77500,-0.30000,-0.30000,1.91550,41.88290,-71.83640,-71.83640,-71.24130,-71.49190,0.11900,1.92660,46.71560,-12.00760,-12.03620,-8.50530,-12.00760,2.52070,-0.111,-0.1129
2022-03-31,17.62700,11.85000,5.77700,25.27100,,25.27100,-19.49400,3.64700,-15.84700,0.04500,-15.89200,-15.89200,-15.89200,-9.83600,-19.49400,52.75000,52.75000,-0.30000,-0.30000,2.21340,32.77360,-110.59170,-110.59170,-89.90190,-90.15710,0.08760,1.31140,68.62710,-10.77710,-11.08070,-7.89950,-10.77710,2.79460,-0.23290,-0.23330
2021-12-31,27.27600,17.24000,10.03600,28.03500,,28.03500,-17.99900,6.82500,-11.17400,0.23200,-11.40600,-11.40600,-11.40600,-1.60500,-17.99900,51.48200,51.78900,-0.20000,-0.30000,2.36160,36.79430,-65.98840,-65.98840,-40.96640,-41.81700,0.12540,1.16100,77.51760,-7.04360,-7.22940,-5.24230,-7.04360,3.07410,-0.6207,-0.622
2021-09-30,18.70500,9.55300,9.15200,17.37800,,17.37800,-8.22600,9.10500,0.87900,0.04900,0.83000,0.83000,0.83000,-0.60000,-8.22600,52.59300,52.67700,0.02000,-0.14000,2.51050,48.92810,-43.97760,-43.97760,4.69930,4.43730,0.08240,1.40610,64.00800,0.48540,0.49840,0.36580,0.48540,3.25040,-0.3526,-0.3548
2021-06-30,15.34400,5.72200,9.62200,20.67300,,20.67300,-11.05100,2.80000,-8.25100,0.05300,-8.30400,-8.30400,-8.30400,-6.50000,-11.05100,52.56700,52.96800,-0.16000,-0.19000,3.17820,62.70860,-72.02160,-72.02160,-53.77350,-54.11890,0.06640,1.41930,63.41180,-4.91990,-5.03380,-3.59240,-4.91990,3.20980,-0.179,-0.1823
2021-03-31,9.93600,4.15800,5.77800,20.98100,,20.98100,-15.20300,-3.52600,-18.72900,0.02600,-18.75500,-18.75500,-18.75500,-12.19600,-15.20300,48.07100,48.07100,-0.39000,-0.39000,3.99570,58.15220,-153.00930,-153.00930,-188.49640,-188.75810,0.04300,1.42940,62.96200,-10.64260,-10.64260,-8.12090,-10.64260,3.35360,-0.26190,-0.26190
2020-12-31,11.36100,4.67000,6.69100,22.28700,,22.28700,-15.59600,-10.13900,-25.73500,0.06100,-25.79600,-25.79600,-26.47000,-12.53200,-15.59600,18.93100,18.93100,-0.57000,-0.57000,2.36320,58.89450,-137.27660,-137.27660,-226.52050,-232.99010,0.12820,1.57310,57.21150,-57.35760,-57.35760,-29.11680,-57.35760,1.13740,-0.1299,-0.1266
2020-09-30,8.74400,3.41100,5.33300,12.08600,,12.08600,-6.75300,0.10100,-6.65200,0.04100,-6.69300,-6.69300,-11.21600,-4.51500,-6.75300,13.16500,13.16500,-0.85000,-0.85000,2.40730,60.99040,-77.23010,-77.23010,-76.07500,-128.27080,0.05800,,,-133.86000,-133.86000,-4.44270,-133.86000,1.06020,-0.5308,-0.5367
2020-06-30,12.04900,4.67100,7.37800,11.74100,,11.74100,-4.36300,0.08600,-4.27700,0.04000,-4.31700,-4.31700,-8.67100,-1.05300,-4.36300,13.16500,13.16500,-0.66000,-0.66000,5.87490,61.23330,-36.21050,-36.21050,-35.49670,-71.96450,0.07980,,,-86.34000,-86.34000,-2.85850,-86.34000,1.07030,-0.4715,-0.4736
2020-03-31,7.46700,2.66600,4.80100,16.88900,,16.88900,-12.08800,0.33200,-11.75600,0.03700,-11.79300,-11.79300,-16.03000,-10.43200,-12.08800,13.16500,13.16500,-1.22000,-1.22000,4.78760,64.29620,-161.88560,-161.88560,-157.43940,-214.67790,0.04940,,,-235.85980,-235.86000,-7.80210,-235.85980,1.07030,-1.69450,-1.70920
2019-12-31,,,,,,,,,,,,,,,,,,,0.00000,,,,,,,,,,,,,,,0,0
2019-09-30,,,,,-0.00080,,-0.00080,,-0.00080,,-0.00080,-0.00080,-0.00080,-0.00080,-0.00080,3.25000,3.25000,0.00000,0.00000,,,,,,,,,,,,,,,0,0
