Date,revenue,cost-goods-sold,gross-profit,research-development-expenses,selling-general-administrative-expenses,operating-expenses,operating-income,total-non-operating-income-expense,pre-tax-income,total-provision-income-taxes,income-after-taxes,income-from-continuous-operations,net-income,ebitda,ebit,basic-shares-outstanding,shares-outstanding,eps-basic-net-earnings-per-share,eps-earnings-per-share-diluted,current-ratio,long-term-debt-capital,debt-equity-ratio,gross-margin,operating-margin,ebit-margin,pre-tax-profit-margin,net-profit-margin,asset-turnover,receiveable-turnover,days-sales-in-receivables,roe,return-on-tangible-equity,roa,roi,book-value-per-share,operating-cash-flow-per-share,free-cash-flow-per-share
2024-09-30,115.82800,31.35700,84.47100,36.61800,40.51500,77.13300,7.33800,-3.05500,4.28300,-0.48600,4.76900,4.76900,3.62900,11.80600,7.33800,219.00910,231.46720,0.02000,0.02000,4.66270,0.08810,0.10270,72.92800,6.33530,6.33530,3.69770,3.13310,0.18580,1.15390,77.99440,1.05130,1.38050,0.76490,0.95870,1.83660,0.2001,0.1945
2024-06-30,106.79100,29.89000,76.90100,35.36000,37.69700,73.05700,3.84400,-3.48900,0.35500,0.07900,0.27600,0.27600,-0.43000,8.05200,3.84400,218.34960,218.34960,0.00000,0.00000,4.78380,0.09540,0.11180,72.01080,3.59960,3.59960,0.33240,-0.40270,0.18250,1.09840,81.93390,0.06440,0.08580,0.04720,0.05820,1.74070,0.2078,0.1999
2024-03-31,102.71900,28.17800,74.54100,37.67600,37.03100,74.70700,-0.16600,2.30400,2.13800,-0.09800,2.23600,2.23600,1.89800,3.67000,-0.16600,213.25950,255.45820,0.01000,0.01000,5.58830,0.10010,0.11790,72.56790,-0.16160,-0.16160,2.08140,1.84780,0.18750,1.06150,84.78410,0.55040,0.66280,0.40820,0.49540,1.65340,0.03930,0.03370
2023-12-31,99.01900,28.33500,70.68400,33.72700,34.36700,68.09400,2.59000,-5.63600,-3.04600,0.40100,-3.44700,-3.44700,-4.43300,6.45300,2.59000,199.69190,199.69190,-0.02000,-0.02000,5.14900,0.10060,0.11860,71.38430,2.61560,2.61560,-3.07620,-4.47690,0.17720,1.07520,83.70300,-0.84140,-1.01930,-0.61690,-0.75680,1.68340,0.1236,0.1155
2023-09-30,94.66400,27.01300,67.65100,32.25000,41.28800,73.53800,-5.88700,3.27000,-2.61700,-0.27400,-2.34300,-2.34300,-1.88900,-2.12800,-5.88700,201.58290,201.58290,-0.01000,-0.01000,6.35470,0.10620,0.12580,71.46430,-6.21880,-6.21880,-2.76450,-1.99550,0.17680,1.03280,87.14020,-0.59860,-0.72580,-0.43750,-0.53500,1.61240,0.1533,0.1498
2023-06-30,89.87900,26.95400,62.92500,29.84800,40.20200,70.05000,-7.12500,-4.92500,-12.05000,-0.17400,-11.87600,-11.87600,-10.92100,-3.49500,-7.12500,198.04630,198.04630,-0.06000,-0.06000,6.28770,0.11290,0.13460,70.01080,-7.92730,-7.92730,-13.40690,-12.15080,0.17570,1.08690,82.80130,-3.20340,-3.96710,-2.32100,-2.84190,1.53320,0.1057,0.098
2023-03-31,84.60600,24.82500,59.78100,28.10000,38.00400,66.10400,-6.32300,1.17000,-5.15300,0.26400,-5.41700,-5.41700,-4.38400,-2.60300,-6.32300,192.99360,192.99360,-0.02000,-0.02000,5.87440,0.11920,0.14310,70.65810,-7.47350,-7.47350,-6.09060,-5.18170,0.17220,1.07190,83.96320,-1.53250,-1.92940,-1.10240,-1.34990,1.46470,0.04110,0.03220
2022-12-31,82.68700,22.97300,59.71400,24.55200,31.28700,55.83900,3.87500,-5.44100,-1.56600,0.40100,-1.96700,-1.96700,-2.96300,6.69000,3.87500,185.56070,185.56070,-0.01000,-0.01000,5.39820,0.12530,0.15140,72.21690,4.68640,4.68640,-1.89390,-3.58340,0.17160,1.13930,78.99370,-0.58130,-0.74190,-0.40810,-0.50840,1.40960,0.1004,0.09
2022-09-30,76.55200,22.72000,53.83200,25.43800,29.55800,54.99600,-1.16400,-1.43800,-2.60200,0.42400,-3.02600,-3.02600,-2.97400,1.44300,-1.16400,187.82450,187.82450,-0.02000,-0.02000,10.49580,0.13680,0.16730,70.32080,-1.52050,-1.52050,-3.39900,-3.88490,0.18240,1.17340,76.70200,-0.97530,-0.97530,-0.72090,-0.84190,1.30180,0.0767,0.0667
2022-06-30,73.40900,20.91900,52.49000,22.83600,28.52700,51.36300,1.12700,-3.05900,-1.93200,0.29800,-2.23000,-2.23000,-2.42800,3.45700,1.12700,185.78130,185.78130,-0.01000,-0.01000,11.91790,0.14270,0.17570,71.50350,1.53520,1.53520,-2.63180,-3.30750,0.18320,1.32050,68.15750,-0.74530,-0.74530,-0.55660,-0.63890,1.25820,0.1075,0.0951
2022-03-31,70.77800,21.17200,49.60600,21.29400,27.03300,48.32700,1.27900,-0.51400,0.76500,0.23700,0.52800,0.52800,0.39800,3.27200,1.27900,178.51750,246.91670,0.00000,0.00000,12.02620,0.15110,0.18760,70.08680,1.80700,1.80700,1.08080,0.56230,0.18550,1.33090,67.62140,0.18610,0.18610,0.13840,0.15800,1.19520,0.02800,0.01900
2021-12-31,69.76300,20.18100,49.58200,21.69900,27.22900,48.92800,0.65400,-0.56900,0.08500,-0.04900,0.13400,0.13400,-3.09900,2.99500,0.65400,177.68050,177.68050,,0.00000,10.30000,0.16340,0.20590,71.07210,0.93750,0.93750,0.12180,-4.44220,0.20260,1.39000,64.74920,0.05120,0.05120,0.03890,0.04280,1.10700,0.0573,0.0438
2021-09-30,64.48900,17.78500,46.70400,18.41500,21.02600,39.44100,7.26300,-18.47500,-11.21200,0.21600,-11.42800,-11.42800,-8.31400,9.44800,7.26300,177.44980,235.97850,-0.05000,-0.05000,9.45900,0.17610,0.22510,72.42170,11.26240,11.26240,-17.38590,-12.89210,0.19750,1.31610,68.38240,-4.71480,-4.71480,-3.49900,-3.88430,1.02720,-0.0384,-0.0532
2021-06-30,60.87600,15.57600,45.30000,16.74000,19.99800,36.73800,8.56200,-8.49700,0.06500,0.27600,-0.21100,-0.21100,-0.21100,10.58500,8.56200,,,,0.00000,,,,74.41360,14.06470,14.06470,0.10680,-0.34660,,,,,,,,,0,0
2021-03-31,56.89400,14.32200,42.57200,15.83600,14.75400,30.59000,11.98200,-8.52700,3.45500,0.04400,3.41100,3.41100,3.41100,13.85600,11.98200,,,,0.00000,,,,74.82690,21.06020,21.06020,6.07270,5.99540,,,,,,,,,0.00000,
2020-12-31,,,,,,,,,,,,,,,,,,,0.00000,,,,,,,,,,,,,,,,,0,0
2020-09-30,53.35500,12.32500,41.03000,14.76000,9.76500,24.52500,16.50500,-4.90700,11.59800,0.09900,11.49900,11.49900,11.49900,16.50500,16.50500,0.00000,0.00000,0.00000,0.00000,,,,76.90000,30.93430,30.93430,21.73740,21.55190,,,,,,,,,0,0
2019-12-31,,,,,,,,,,,,,,,,,,,0.00000,,,,,,,,,,,,,,,,,0,0
