Date,revenue,cost-goods-sold,gross-profit,selling-general-administrative-expenses,operating-expenses,operating-income,total-non-operating-income-expense,pre-tax-income,total-provision-income-taxes,income-after-taxes,income-from-continuous-operations,net-income,basic-shares-outstanding,shares-outstanding,eps-basic-net-earnings-per-share,eps-earnings-per-share-diluted,long-term-debt-capital,debt-equity-ratio,pre-tax-profit-margin,net-profit-margin,asset-turnover,roe,return-on-tangible-equity,roa,roi,book-value-per-share,operating-cash-flow-per-share,free-cash-flow-per-share
2024-09-30,46.39000,15.07100,31.31900,27.15900,27.15900,4.16000,,4.16000,0.77500,3.38500,3.38500,3.38500,18.84400,18.96500,0.18000,0.18000,0.16120,0.55670,13.06660,10.63230,0.00900,0.93120,1.26710,0.09590,0.78110,19.18690,0.5778,0.4453
2024-06-30,45.39700,14.94000,30.45700,38.33400,38.33400,-7.87700,,-7.87700,-1.58700,-6.29000,-6.29000,-6.29000,18.81400,18.93700,-0.33000,-0.33000,0.16620,0.62940,-38.18970,-30.49550,0.00590,-1.79590,-2.47770,-0.18050,-1.49740,18.49220,0.2065,0.1975
2024-03-31,27.26300,6.55400,20.70900,15.90800,15.90800,4.80100,,4.80100,1.12500,3.67600,3.67600,3.67600,11.75100,11.79100,0.31000,0.31000,0.24790,0.64610,23.84520,18.25770,0.00830,1.73630,2.32750,0.15220,1.30590,17.89360,0.33770,0.30030
2023-12-31,28.09000,5.70600,22.38400,14.61900,14.61900,7.76500,,7.69700,1.80300,5.89400,5.89400,5.89400,11.72900,11.75300,0.49000,0.50000,0.25200,0.72320,34.13150,26.13630,0.00930,2.84650,3.84510,0.24220,2.12930,17.52110,0.3762,0.0014
2023-09-30,28.04900,5.93900,22.11000,13.62200,13.62200,8.48800,,8.48800,2.09800,6.39000,6.39000,6.39000,11.74200,11.75600,0.54000,0.54000,0.27730,0.38370,38.71560,29.14610,0.00900,3.51780,4.99710,0.26240,2.54220,15.37450,0.6755,0.7715
2023-06-30,27.58100,5.78200,21.79900,13.46200,13.46200,8.33700,,8.33700,2.05500,6.28200,6.28200,6.28200,11.72300,11.74000,0.54000,0.54000,0.27110,0.37190,37.65240,28.37140,0.00890,3.35290,4.70270,0.25230,2.44410,15.86180,0.4203,0.1602
2023-03-31,25.71800,2.56200,23.15600,13.83800,13.83800,9.31800,,9.31800,2.34800,6.97000,6.97000,6.97000,11.70400,11.73100,0.60000,0.59000,0.27670,0.38250,41.37100,30.94610,0.00910,3.82860,5.43360,0.28290,2.76930,15.48720,0.89780,0.87990
2022-12-31,24.31900,1.35400,22.96500,12.33900,12.65300,10.31200,,10.31200,2.67900,7.63300,7.63300,7.63300,11.71500,11.73900,0.65000,0.65000,0.28490,0.66190,45.90250,33.97730,0.00930,4.37020,6.31440,0.31510,3.12500,14.88370,0.8681,0.8483
2022-09-30,22.47200,0.82800,21.64400,13.29800,13.29800,8.34600,,8.34600,1.96200,6.38400,6.38400,6.38400,11.67900,11.68900,0.55000,0.55000,0.30460,0.59540,39.46290,30.18580,0.00870,4.01980,6.08380,0.26320,2.79540,13.53680,0.7202,0.7176
2022-06-30,21.23500,0.65500,20.58000,12.08300,12.08300,8.49700,,8.49700,1.95500,6.54200,6.54200,6.54200,11.66510,11.68590,0.56000,0.56000,0.18840,0.28690,41.28770,31.78810,0.00870,3.84250,5.62830,0.27800,3.11850,14.53040,0.5262,0.5192
2022-03-31,20.01600,0.58500,19.43100,11.30500,11.44500,7.98600,,7.98600,1.90000,6.08600,6.08600,6.08600,11.82900,11.87200,0.51000,0.51000,0.17080,0.20600,41.09930,31.32110,0.00800,3.17540,4.42620,0.25120,2.63290,16.30730,-0.05350,-0.05370
2021-12-31,21.93800,0.44900,21.48900,12.12200,12.26200,9.22700,,9.22700,2.38900,6.83800,6.83800,6.83800,12.23700,12.28200,0.57000,0.57000,0.13730,0.15920,41.70580,30.90760,0.00900,2.75900,3.53300,0.27910,2.38010,20.79760,0.826,0.8144
2021-09-30,20.64500,0.28700,20.35800,11.38800,11.56200,8.79600,,8.79600,2.27500,6.52100,6.52100,6.52100,12.00800,12.04500,0.54000,0.54000,0.02050,0.02090,42.17090,31.26380,0.00890,2.64490,3.39440,0.27770,2.59080,20.56620,0.4498,0.4321
2021-06-30,20.43200,0.27400,20.15800,9.95700,10.13000,10.02800,,10.02800,2.46500,7.56300,7.56300,7.56300,12.49900,12.54800,0.61000,0.60000,0.02010,0.02050,46.30160,34.92010,0.00950,3.01260,3.85010,0.33160,2.95190,20.36250,1.7051,1.6769
2021-03-31,19.84600,0.29200,19.55400,9.41400,9.58800,9.96600,,9.96600,2.48700,7.47900,7.47900,7.47900,12.49600,12.54700,0.60000,0.60000,0.02090,0.02130,46.67040,35.02390,0.00970,3.09250,3.99820,0.33990,3.02790,19.30900,0.50840,0.48120
2020-12-31,20.23700,0.32000,19.91700,10.50600,10.68000,9.23700,,9.23700,2.15800,7.07900,7.07900,7.07900,12.53400,12.57600,0.57000,0.57000,0.02060,0.02100,42.73030,32.74740,0.01080,2.88910,3.72460,0.35320,2.82960,19.58600,0.8051,0.711
2020-09-30,18.50200,0.38800,18.11400,12.15400,12.32800,5.78600,,5.78600,1.44200,4.34400,4.34400,4.34400,12.47100,12.49600,0.35000,0.35000,0.02140,0.02190,33.03640,24.80300,0.00900,1.84240,2.40470,0.22270,1.80300,18.85030,0.4041,0.3876
2020-06-30,18.02900,0.41000,17.61900,14.32500,14.49800,3.12100,,3.12100,0.82000,2.30100,2.30100,2.30100,12.44900,12.48700,0.18000,0.18000,0.02210,0.02260,21.34890,15.73980,0.00760,1.00670,1.32810,0.12020,0.98450,18.29200,-0.3223,-0.3274
2020-03-31,23.04700,0.47700,22.57000,13.27900,13.45300,9.11700,,9.11700,2.49400,6.62300,6.62300,6.62300,12.73500,12.77900,0.52000,0.52000,0.02300,0.02360,43.01490,31.24790,0.01310,3.02870,4.05840,0.40920,2.95900,17.53170,0.46410,0.46160
2019-12-31,18.34400,0.54900,17.79500,11.45300,11.62700,6.16800,,6.16800,1.71900,4.44900,4.44900,4.44900,13.41500,13.51400,0.34000,0.34000,0.02210,0.02260,35.66350,25.72420,0.01080,1.95020,2.57950,0.27860,1.90710,17.47840,0.3642,0.3537
2019-09-30,20.64900,0.72200,19.92700,11.61000,11.78400,8.14300,,8.14300,2.45200,5.69100,5.69100,5.69100,13.36000,13.45000,0.43000,0.42000,0.02160,0.04350,41.38330,28.92210,0.01240,2.44060,3.20880,0.35930,2.38780,17.53120,0.5335,0.5015
2019-06-30,21.37800,0.83400,20.54400,11.89900,12.07200,8.47200,,8.47200,2.38500,6.08700,6.08700,6.08700,13.53400,13.63600,0.45000,0.45000,0.02180,0.25530,41.84940,30.06820,0.01250,2.62730,3.46490,0.37730,2.57010,17.17550,0.2079,0.1952
2019-03-31,19.26500,0.45400,18.81100,11.46800,11.64200,7.16900,,7.16900,1.95300,5.21600,5.21600,5.21600,13.64600,13.75600,0.38000,0.38000,0.02220,0.05340,38.06010,27.69170,0.01200,2.29320,3.04530,0.33350,2.24240,16.62560,0.50170,0.49210
2018-12-31,18.77800,0.40100,18.37700,11.23600,11.41000,6.96700,,6.96700,1.68600,5.28100,5.28100,5.28100,13.70000,13.82500,0.38000,0.38000,0.02290,0.06900,37.91150,28.73700,0.01190,2.40330,3.23220,0.34340,2.34820,15.97510,0.556,0.5534
2018-09-30,18.75300,0.38300,18.37000,10.69700,10.79100,7.57900,,7.57900,1.82700,5.75200,5.75200,5.75200,13.71500,13.83700,0.42000,0.42000,0.02360,0.02420,41.25750,31.31190,0.01210,2.69500,3.66570,0.37860,2.63140,15.47080,0.115,0.1073
2018-06-30,18.47900,0.39600,18.08300,11.45600,11.54900,6.53400,,6.53400,1.56900,4.96500,4.96500,4.96500,13.69200,13.82300,0.36000,0.36000,0.02380,0.16650,36.23360,27.53290,0.01130,2.35100,3.21220,0.31230,2.29500,15.31870,1.0326,1.0188
2018-03-31,18.50100,0.30400,18.19700,11.05700,11.15100,7.04600,-0.21700,6.82900,1.53800,5.29100,5.29100,5.29100,13.67000,13.80400,0.39000,0.38000,0.02420,0.02480,37.52820,29.07620,0.01120,2.54440,3.49860,0.32600,2.48290,15.12090,0.45990,0.42680
2017-12-31,17.83300,0.32600,17.50700,11.80700,11.90000,5.60700,-1.21000,4.39700,4.06300,0.33400,0.33400,0.33400,12.47200,12.72200,-0.01000,-0.01000,0.02400,0.02460,25.11570,1.90780,0.01050,0.15940,0.21870,0.02010,0.15560,15.29960,0.3015,0.2771
2017-09-30,16.37900,0.24700,16.13200,9.28400,9.33100,6.80100,-0.16300,6.63800,2.14400,4.49400,4.49400,4.49400,12.20800,12.32500,0.37000,0.36000,0.02770,0.02840,38.97370,26.38560,0.01200,2.47970,3.21740,0.31580,2.41110,14.84050,0.5133,0.5044
2017-06-30,18.16400,0.28200,17.88200,10.13700,10.18400,7.69800,-0.45500,7.24300,2.29500,4.94800,4.94800,4.94800,12.20800,12.33900,0.41000,0.40000,0.02830,0.02910,40.16750,27.44010,0.01250,2.79280,3.64990,0.34250,2.71390,14.50760,0.5201,0.4929
2017-03-31,15.83600,0.28200,15.55400,9.96600,10.01300,5.54100,,5.54100,1.29100,4.25000,4.25000,4.25000,12.16800,12.31800,0.35000,0.35000,0.02940,0.03030,35.39670,27.14960,0.01070,2.49810,3.30790,0.29120,2.42470,13.94610,0.64730,0.64030
2016-12-31,15.33000,0.31800,15.01200,9.60000,9.64700,5.36500,-1.26700,4.09800,1.49100,2.60700,2.60700,2.60700,11.33100,11.43500,0.20000,0.19000,0.03050,0.03390,27.29820,17.36610,0.01040,1.58930,2.12960,0.18060,1.54090,13.50730,0.1895,0.1696
2016-09-30,13.40000,0.27000,13.13000,8.25800,8.29200,4.83800,-0.36300,4.47500,1.36100,3.11400,3.11400,3.11400,10.98400,11.09300,0.28000,0.28000,0.03190,0.03300,31.67020,22.03820,0.01080,1.99200,2.48160,0.23810,1.92840,14.10590,0.3125,0.2688
2016-06-30,13.98000,0.25800,13.72200,4.59100,4.62500,9.09700,-0.15200,8.94500,2.88700,6.05800,6.05800,6.05800,10.97100,11.06800,0.55000,0.55000,0.03190,0.03290,48.82110,33.06410,0.01420,3.86660,4.81550,0.46930,3.74340,14.20570,0.2471,0.2413
2016-03-31,13.55700,0.25000,13.30700,8.69200,8.72600,4.58100,,4.58100,1.17800,3.40300,3.40300,3.40300,10.95400,11.04100,0.31000,0.31000,0.03420,0.03540,33.79070,25.10140,0.01070,2.33440,2.96240,0.26760,2.25460,13.22140,0.38770,0.38240
2015-12-31,12.77200,0.25600,12.51600,8.93600,9.00300,3.51300,,3.51300,0.61000,2.90300,2.90300,2.90300,10.93200,11.01600,0.26000,0.27000,0.03570,0.03700,28.06810,23.19430,0.00980,2.08360,2.67850,0.22740,2.00930,12.66920,0.294,0.2806
2015-09-30,12.34500,0.27100,12.07400,9.04300,9.12800,2.94600,,2.94600,0.42900,2.51700,2.51700,2.51700,10.93800,11.02500,0.23000,0.23000,0.03610,0.03750,24.60330,21.02050,0.00970,1.83120,2.36460,0.20400,1.76500,12.50370,0.4944,0.4698
2015-06-30,13.42400,0.26300,13.16100,9.11300,9.19700,3.96400,,3.96400,0.88600,3.07800,3.07800,3.07800,10.92400,11.01000,0.28000,0.28000,0.03720,0.03870,31.30880,24.31090,0.01040,2.30890,3.01130,0.25290,2.22300,12.12550,0.3467,0.3337
2015-03-31,12.66800,0.25700,12.41100,9.20400,9.28800,3.12300,,3.12300,0.65700,2.46600,2.46600,2.46600,10.92400,11.00300,0.23000,0.22000,0.03690,0.03830,25.16320,19.86950,0.01040,1.83280,2.38560,0.20580,1.76520,12.24380,0.45510,0.43890
2014-12-31,12.35800,0.27300,12.08500,17.11700,17.20200,-5.11700,,-5.11700,-2.75100,-2.36600,-2.36600,-2.36600,10.91900,11.00000,-0.23000,-0.21000,0.03780,0.03930,-138.29730,-63.94600,0.00310,-1.80550,-2.37110,-0.19850,-1.73720,11.93490,0.4227,0.4359
2014-09-30,12.20900,0.27200,11.93700,8.96700,9.05100,2.88600,,2.88600,0.53500,2.35100,2.35100,2.35100,10.92000,11.01490,0.22000,0.21000,0.03730,0.03880,24.17690,19.69510,0.01030,1.76750,2.31240,0.20200,1.70160,12.11520,0.3967,0.363
2014-06-30,12.23900,0.29000,11.94900,8.25000,8.33400,3.61500,,3.61500,0.92200,2.69300,2.69300,2.69300,10.91800,11.00000,0.25000,0.24000,0.03790,0.03940,29.27360,21.80740,0.01060,2.05680,2.70650,0.23200,1.97890,11.98120,0.3858,0.3563
2014-03-31,12.39700,0.32100,12.07600,8.65200,8.73600,3.34000,,3.34000,0.72400,2.61600,2.61600,2.61600,10.91600,10.99900,0.24000,0.24000,0.03930,0.04090,27.65820,21.66280,0.01060,2.07340,2.76370,0.22960,1.99200,11.54860,0.35450,0.31680
2013-12-31,11.50400,0.34700,11.15700,8.12900,8.21300,2.94400,-0.32500,2.61900,0.40800,2.21100,2.21100,2.12300,10.24500,10.30800,0.20000,0.21000,0.04120,0.04290,23.47410,19.02840,0.00970,1.84180,2.49980,0.19300,1.76600,10.99800,0.4989,0.4642
2013-09-30,12.71600,0.36700,12.34900,8.63600,8.72000,3.62900,-0.27100,3.35800,0.38900,2.96900,2.96900,2.88200,10.89900,10.95900,0.26000,0.26000,0.03900,0.04060,27.19250,23.33790,0.01130,2.47680,3.11430,0.27190,2.24880,11.62480,0.2801,0.2667
2013-06-30,9.04100,0.33600,8.70500,6.79300,6.84300,1.86200,-0.38000,1.48200,0.19500,1.28700,1.28700,1.19900,9.58700,9.64500,0.13000,0.12000,0.04420,0.04620,17.02470,13.77370,0.01000,1.23110,1.47120,0.14770,1.10290,11.55920,0.4251,0.3933
2013-03-31,9.40600,0.33500,9.07100,6.88300,6.93300,2.13800,,2.13800,0.35500,1.78300,1.78300,1.69600,9.55900,9.60500,0.18000,0.18000,0.04210,0.04400,23.56960,18.69700,0.01020,1.61770,1.91500,0.20120,1.45710,12.26230,0.30800,0.27560
2012-12-31,9.40100,0.38500,9.01600,6.84900,6.89900,2.11700,,1.83500,0.19300,1.64200,1.64200,1.55400,9.58800,9.58800,0.16000,0.16000,0.04200,0.07780,20.81440,17.62700,0.00990,1.48380,1.75610,0.18440,1.33690,12.30930,-0.9136,-0.9362
2012-09-30,10.29000,0.43400,9.85600,6.60500,6.65500,3.20100,,3.20100,0.74500,2.45600,2.45600,2.36900,9.60200,9.63500,0.25000,0.25000,0.04200,0.07790,32.47770,24.03610,0.01110,2.22290,2.63300,0.27670,2.00260,12.23050,1.7736,1.7488
2012-06-30,9.49900,0.51800,8.98100,6.76800,6.81800,2.16300,,2.16300,0.45400,1.70900,1.70900,1.62200,9.59200,9.61900,0.17000,0.17000,0.04350,0.08080,24.35540,18.26370,0.01060,1.60830,1.92020,0.20440,1.44320,11.80770,0.2898,0.2654
2012-03-31,9.87200,0.54600,9.32600,7.26800,7.31800,2.00800,,2.00600,0.29300,1.71300,1.71300,1.62500,9.57000,9.57700,0.17000,0.17000,0.04450,0.08270,22.47370,18.20520,0.01070,1.65140,1.98210,0.20520,1.47820,11.54540,-0.39240,-0.46120
2011-12-31,9.99700,0.65000,9.34700,6.99500,7.09800,2.24900,,2.24900,0.54100,1.70800,1.70800,1.62200,9.52200,9.52200,0.16000,0.16000,0.07850,0.08520,24.85910,17.92860,0.01070,1.69980,2.05480,0.20120,1.46440,11.25700,1.0663,1.0426
2011-09-30,10.25200,0.70800,9.54400,7.51800,7.62200,1.92200,,1.92200,0.51400,1.40800,1.40800,1.20600,9.54800,9.55800,0.13000,0.13000,0.07930,0.08610,21.01930,13.18900,0.01100,1.41730,1.71950,0.16860,1.21900,11.13810,0.4624,0.4193
2011-06-30,10.16300,0.77200,9.39100,7.21400,7.31700,2.07400,,2.07400,0.30100,1.77300,1.77300,1.67400,9.51610,9.54060,0.18000,0.18000,0.08100,0.08820,22.68900,18.31310,0.01150,1.82870,2.23650,0.22360,1.56910,11.17900,0.1415,0.0835
2011-03-31,10.15800,0.81200,9.34600,7.14900,7.25300,2.09300,,2.09300,0.50500,1.58800,1.58800,1.48900,9.47500,9.50300,0.16000,0.16000,0.08420,0.09200,22.63680,16.10430,0.01210,1.71360,2.12100,0.20710,1.46090,10.78120,0.49150,0.48550
2010-12-31,8.91100,0.93300,7.97800,7.77300,7.87600,0.10200,,0.10200,-0.51700,0.61900,0.61900,0.52100,9.21000,9.29100,0.06000,0.06000,0.08590,0.19670,1.44110,7.36080,0.00910,0.68380,0.85240,0.07960,0.58100,10.69170,0.4377,0.4029
2010-09-30,10.49300,1.02700,9.46600,8.60500,8.70900,0.75700,,0.75700,-0.10700,0.86400,0.86400,0.76500,9.36400,9.43200,0.08000,0.08000,0.08500,0.19450,9.27010,9.36810,0.01070,0.94280,1.17370,0.11290,0.80260,10.81280,0.3671,0.3543
2010-06-30,9.79800,1.12100,8.67700,8.03900,8.14200,0.53500,,0.53500,0.03100,0.50400,0.50400,0.40500,9.13200,9.21100,0.04000,0.04000,0.08750,0.20070,6.96890,5.27550,0.01020,0.56880,0.71520,0.06670,0.48180,10.19560,0.4447,0.4325
2010-03-31,10.52200,1.20200,9.32000,7.70000,7.80400,1.51600,,1.51600,0.22400,1.29200,1.29200,1.19300,8.97000,9.08000,0.13000,0.13000,0.08860,0.20340,17.38530,13.68120,0.01150,1.50210,1.87040,0.17010,1.25050,10.37000,0.27640,0.27270
2009-12-31,10.71400,1.39100,9.32300,9.17000,9.48000,-0.15700,,-0.15700,-0.64300,0.48600,0.48600,0.41600,7.68600,7.68600,0.05000,0.05000,0.17350,0.26480,-2.43070,6.44060,0.00840,0.58490,0.73600,0.06350,0.44030,10.19250,-0.0544,-0.099
2009-09-30,11.81000,1.54800,10.26200,10.07500,10.17900,0.08300,,0.08300,-0.29600,0.37900,0.37900,0.26800,7.66500,7.78200,0.04000,0.03000,0.18320,0.28280,1.18080,3.81280,0.00930,0.48080,0.63240,0.05000,0.36240,11.14440,0.4436,0.4055
2009-06-30,11.85300,1.70400,10.14900,9.62900,9.62900,0.52000,,0.52000,0.05600,0.46400,0.46400,0.32900,7.65200,7.76000,0.04000,0.04000,0.19170,0.42300,6.79830,4.30120,0.01020,0.62550,0.84120,0.06210,0.46440,10.53530,0.3533,0.3223
2009-03-31,12.20700,1.98400,10.22300,8.75700,8.75700,1.46600,,1.46600,0.20700,1.25900,1.25900,1.21000,7.64200,7.77000,0.16000,0.16000,0.18930,0.41630,17.64990,14.56780,0.01080,1.66770,2.23420,0.16420,1.24400,10.73630,0.16510,0.14990
