Date,revenue,cost-goods-sold,gross-profit,research-development-expenses,selling-general-administrative-expenses,operating-expenses,operating-income,total-non-operating-income-expense,pre-tax-income,total-provision-income-taxes,income-after-taxes,income-from-continuous-operations,income-from-discontinued-operations,net-income,ebitda,ebit,basic-shares-outstanding,shares-outstanding,eps-basic-net-earnings-per-share,eps-earnings-per-share-diluted,current-ratio,gross-margin,operating-margin,ebit-margin,pre-tax-profit-margin,net-profit-margin,asset-turnover,inventory-turnover,roe,return-on-tangible-equity,roa,roi,book-value-per-share,operating-cash-flow-per-share,free-cash-flow-per-share
2024-09-30,0.01000,,0.01000,0.95000,1.23700,,-2.17700,0.01000,-2.16700,-0.21000,-1.95700,-1.95700,,-1.95700,-2.17600,-2.17700,-10.87200,-10.87200,-0.18000,-0.18000,0.77360,100.00000,-21770.00000,-21770.00000,-21670.00000,-19570.00000,0.00190,,201.75650,201.75260,-36.36870,201.75260,-0.45070,1.3988,1.3988
2024-06-30,0.00400,,0.00400,2.02300,1.62500,,-3.64400,-0.02500,-3.66900,-0.41200,-3.25700,-3.25700,,-3.25700,-3.64200,-3.64400,4.52300,4.52300,-0.72000,-0.72000,1.07250,100.00000,-91100.00000,-91100.00000,-91724.99000,-81424.99000,0.00050,,-326.01560,-326.02620,-39.76800,-326.02600,0.55350,-0.4165,-0.4165
2024-03-31,0.02900,,0.02900,2.80200,1.58200,,-4.35500,0.05500,-4.30000,-1.35400,-2.94600,-2.94600,,-2.94600,-4.35300,-4.35500,1.29800,1.29800,-2.27000,-2.27000,0.57900,100.00000,-15017.24000,-15017.24000,-14827.59000,-10158.62000,0.00470,,133.54590,133.54490,-47.78590,133.54490,-1.67370,-0.37210,-0.37210
2023-12-31,0.03100,,0.03100,3.51800,1.87300,,-5.36000,-0.33300,-5.69300,-0.42200,-5.27100,-5.27100,,-5.32200,-5.35200,-5.36000,0.85080,0.85080,-12.70000,-12.70000,0.91210,100.00000,-17290.33000,-17290.34000,-18364.53000,-17167.75000,0.00350,,-868.39190,-868.36870,-59.86370,-868.36920,0.57320,-19.9002,-19.9077
2023-09-30,0.01600,,0.01600,5.23600,1.62500,,-6.84500,0.14500,-6.70000,-0.66800,-6.03200,-6.03200,,-6.08200,-6.83800,-6.84500,-12.67000,-12.67000,-0.48000,-0.48000,1.36390,100.00000,-42781.25000,-42781.25000,-41875.00000,-38012.50000,0.00130,,-140.37710,-140.37700,-48.26760,-140.37700,5.09550,10.7194,10.7269
2023-06-30,0.37300,,0.37300,4.72700,1.57500,,-5.92900,-0.10500,-6.03400,-0.58600,-5.44800,-5.44800,,-5.49800,-5.92100,-5.92900,0.83700,0.83700,-6.57000,-6.57000,2.26710,100.00000,-1589.54400,-1589.54400,-1617.69400,-1473.99500,0.02270,,-106.07470,-106.07480,-33.13470,-106.07480,6.09040,-1.5494,-1.5493
2023-03-31,,,,5.67400,1.64500,,-7.31900,0.19500,-7.12400,-1.32000,-5.80400,-5.80400,,-5.85400,-7.31100,-7.31900,0.83600,0.83600,-7.00000,-7.00000,2.58570,,,,,,,,-57.19350,-57.19350,-26.31010,-57.19350,12.13370,-8.20690,-8.21410
2022-12-31,,,,6.70200,2.14300,,-8.84500,-0.15500,-9.00000,-1.58100,-7.41900,-7.41900,,-7.47000,-8.83700,-8.84500,0.65760,0.65760,-9.05980,-9.80940,3.25000,,,,,,,,-46.54620,-46.54620,-26.44920,-46.54620,25.38060,-8.8145,-8.8149
2022-09-30,,,,4.41300,2.05400,,-6.46700,0.35700,-6.11000,-1.01400,-5.09600,-5.09600,,-5.14600,-6.46000,-6.46700,0.68510,0.68510,-6.44680,-5.69720,6.41280,,,,,,,,-23.09330,-23.09330,-16.42760,-23.09330,26.38490,-10.0021,-10.002
2022-06-30,,,,4.20500,1.58000,,-5.78500,0.22600,-5.55900,-0.98400,-4.57500,-4.57500,,-4.62500,-5.77700,-5.78500,0.67610,0.67610,-6.89660,-6.89660,6.38220,,,,,,,,-15.14550,-15.14550,-12.94350,-15.14550,39.90120,-2.6892,-2.6935
2022-03-31,,,,4.95400,1.60500,,-6.55900,1.31300,-5.24600,-1.13800,-4.10800,-4.10800,,-4.15800,-6.55000,-6.55900,0.66650,0.66650,-6.29690,-6.29690,5.89570,,,,,,,,-12.29570,-12.29570,-10.36620,-12.29570,50.12510,-10.16450,-10.17050
2021-12-31,,,,4.04400,1.94200,,-5.98600,0.04200,-5.94400,-1.07900,-4.86500,-4.86500,,-4.91600,-5.97900,-5.98600,0.59540,0.59540,-7.34630,-7.34630,7.56360,,,,,,,,-12.90690,-12.90690,-11.27830,-12.90690,56.55080,-8.7489,-8.7543
2021-09-30,,,,4.21700,1.78100,,-5.99800,0.01300,-5.98500,-0.99800,-4.98700,-4.98700,,-5.03700,-5.98800,-5.99800,0.62480,0.62480,-8.09600,-8.09600,12.07880,,,,,,,,-12.05640,-12.05640,-11.08250,-12.05640,63.29350,-9.7577,-9.7717
2021-06-30,,,,4.10100,1.99900,,-6.10000,0.00900,-6.09100,-0.96400,-5.12700,-5.12700,,-5.17700,-6.08300,-6.10000,0.61590,0.61590,-8.39580,-8.39580,14.81820,,,,,,,,-11.86370,-11.86370,-11.06530,-11.86370,70.16630,-5.0056,-4.8648
2021-03-31,,,,2.56600,1.73900,,-4.30500,0.14000,-4.16500,-0.68700,-3.47800,-3.47800,,-3.52800,-4.29600,-4.30500,0.46750,0.46750,-7.49630,-7.49630,18.20460,,,,,,,,-7.23840,-7.23840,-6.71210,-7.23840,78.01330,-7.62780,-7.79460
2020-12-31,,,,1.41500,1.75300,,-3.16800,-0.01400,-3.18200,-0.37900,-2.80300,-2.80300,,-6.62900,-3.16400,-3.16800,0.24230,0.24230,-13.34330,-13.34330,14.26750,,,,,,,,-8.42780,-8.42780,-7.61640,-8.42780,79.82000,-11.8373,-12.067
2020-09-30,,,,1.07500,1.49700,,-2.57200,0.03500,-2.53700,-0.28100,-2.25600,-2.25600,,-2.30600,-2.56600,-2.57200,0.32440,0.32440,-7.04650,-7.04650,15.14840,,,,,,,,-9.23150,-9.23150,-8.29020,-9.23150,75.32650,-2.7849,-2.9358
2020-06-30,,,,1.16300,1.30900,,-2.47200,0.02000,-2.45200,-0.28600,-2.16600,-2.16600,,-2.21600,-2.46700,-2.47200,0.25680,0.25680,-8.69570,-8.69570,18.47420,,,,,,,,-8.14960,-8.14960,-7.42520,-8.14960,81.92250,30.8153,30.8695
2020-03-31,,,,1.10600,1.31800,,-2.42400,0.91400,-1.51000,-0.29000,-1.22000,-1.22000,,-1.27000,-2.41900,-2.42400,0.05740,0.05740,-22.18890,-22.18890,7.75510,,,,,,,,-11.74090,-11.74090,-9.39400,-11.74090,181.14820,-48.93480,-49.00460
2019-12-31,,,,1.43000,1.36300,,-2.79300,0.04100,-2.75200,-0.44800,-2.30400,-2.30400,,-2.35500,-2.78800,-2.79300,0.05440,0.05440,-40.03000,-40.03000,5.79210,,,,,,,,-19.69740,-19.69740,-15.05100,-19.69740,203.91550,-28.3532,-28.2223
2019-09-30,,,,1.06300,1.28500,,-2.34800,0.17400,-2.17400,-0.27300,-1.90100,-1.90100,,-1.95100,-2.34300,-2.34800,0.05740,0.05740,-34.03300,-34.03300,7.64650,,,,,,,,-13.72360,-13.72370,-11.13190,-13.72370,241.48390,-35.0578,-35.1276
2019-06-30,,,,1.15300,1.18400,,-2.33700,0.24700,-2.09000,-0.30700,-1.78300,-1.78300,,-1.83300,-2.33300,-2.33700,0.05740,0.05740,-31.93400,-31.93400,7.26000,,,,,,,,-11.33430,-11.33430,-9.16050,-11.33430,274.24080,-29.1637,-29.304
2019-03-31,,,,1.01200,1.19200,,-2.20400,0.09400,-2.11000,-0.26800,-1.84200,-1.84200,,-1.89200,-2.19800,-2.20400,0.04550,0.04550,-41.52920,-41.52920,8.09170,,,,,,,,-10.49270,-10.49270,-8.56350,-10.49270,306.03880,-80.99660,-80.40300
2018-12-31,,,,1.14200,1.47400,,-2.61600,0.09500,-2.37100,-0.35200,-2.01900,-2.01900,,-2.12000,-2.60900,-2.46600,0.04030,0.04030,-47.97600,-47.97600,4.44550,,,,,,,,-13.22030,-13.22030,-10.18510,-13.22030,366.43280,-49.544,-49.6861
2018-09-30,,,,1.20500,1.25000,,-2.45500,0.08600,-2.36900,-0.30100,-2.06800,-2.06800,,-2.11800,-2.44800,-2.45500,0.04000,0.04000,-53.97300,-53.97300,5.16340,,,,,,,,-12.45930,-12.45930,-9.98700,-12.45930,414.84640,-18.0705,-18.1205
2018-06-30,,,,1.18200,1.28300,,-2.46500,0.11100,-2.35400,-0.50200,-1.85200,-1.85200,,-1.90200,-2.45700,-2.46500,0.04000,0.04000,-47.97600,-47.97600,5.68030,,,,,,,,-9.94420,-9.94420,-8.14780,-9.94420,465.48380,-45.0637,-45.2887
2018-03-31,,,,0.79800,1.36400,,-2.16200,0.63100,-1.53100,-0.18200,-1.34900,-1.34900,,-1.34900,-2.15500,-2.16200,0.04000,0.04000,-35.98200,-35.98200,5.80840,,,,,,,,-6.61440,-6.61440,-5.44460,-6.61440,509.74770,-53.46170,-54.01150
2017-12-31,,,,0.74500,1.45200,,-2.19700,0.12600,-2.07100,-0.20000,-1.87100,-1.87100,,-2.08600,-2.19000,-2.19700,0.02540,0.02540,-47.97600,-47.97600,6.31510,,,,,,,,-8.59600,-8.59600,-7.19530,-8.59600,544.01420,-133.5495,-133.725
2017-09-30,,,,0.95800,1.15400,,-2.11200,0.03600,-2.07600,-0.21900,-1.85700,-1.85700,,-8.91800,-2.10400,-2.11200,0.03280,0.03280,-272.86360,-272.86360,6.52220,,,,,,,,-7.91630,-7.91630,-6.66760,-7.91630,601.34090,110.8775,110.6773
2017-06-30,,,,1.22200,1.26700,,-2.48900,0.03400,-2.45500,-0.26800,-2.18700,-2.18700,,-2.23700,-2.48100,-2.48900,0.01480,0.01480,-149.92500,-149.92500,3.71640,,,,,,,,-18.79510,-18.79510,-13.59820,-18.79510,785.82330,-3.7596,-3.7544
2017-03-31,,,,1.31200,1.38100,,-2.69300,0.83200,-1.86100,-0.30600,-1.55500,-1.55500,,-1.60500,-2.68400,-2.69300,0.01420,0.01420,-113.94300,-113.94300,4.12650,,,,,,,,-12.13140,-12.13140,-9.10790,-12.13140,899.48010,-267.48510,-267.62550
2016-12-31,0.27700,,0.27700,1.93200,1.51400,,-3.16900,-0.08000,-3.24900,-0.41000,-2.83900,-2.83900,,-2.88900,-3.14500,-3.16900,0.01140,0.01140,-176.91160,-176.91160,3.73020,100.00000,-1144.04300,-1144.04300,-1172.92400,-1042.96000,0.01410,,-19.89070,-19.89070,-14.43900,-19.89070,1005.34700,-266.464,-265.6761
2016-09-30,0.20500,,0.20500,2.40900,1.27300,,-3.47700,0.07700,-3.40000,-0.45400,-2.94600,-2.94600,,-2.99600,-3.44300,-3.47700,0.01160,0.01160,-257.87110,-257.87110,4.05370,100.00000,-1696.09800,-1696.09800,-1658.53700,-1461.46400,0.00900,,-17.38980,-17.38980,-13.00550,-17.38980,1194.95700,-197.836,-197.836
2016-06-30,0.22200,,0.22200,2.63700,1.34500,,-3.76000,0.16900,-3.59100,-0.62600,-2.96500,-2.96500,,-3.01500,-3.72700,-3.76000,0.01000,0.01000,-302.84860,-302.84860,3.37250,100.00000,-1693.69400,-1693.69400,-1617.56800,-1358.10800,0.01180,,-22.52700,-22.52700,-15.70690,-22.52700,1312.48000,-99.8352,-99.8352
2016-03-31,0.13900,,0.13900,2.49900,1.38400,,-3.74400,0.21000,-3.53400,-0.49300,-3.04100,-3.04100,,-3.09100,-3.70200,-3.74400,0.00990,0.00990,-311.84410,-311.84410,3.94920,100.00000,-2693.52500,-2693.52500,-2542.44600,-2223.74100,0.00650,,-19.12700,-19.12700,-14.16990,-19.12700,1608.41700,-318.25580,-318.25580
2015-12-31,0.42100,,0.42100,2.55600,1.72600,,-3.86100,-0.01100,-3.87200,-0.49800,-3.37400,-3.37400,,-3.42500,-3.80800,-3.86100,0.00900,0.00900,-281.58560,-281.58560,4.27010,100.00000,-917.10210,-917.10220,-919.71470,-813.53910,0.01700,,-17.91350,-17.91350,-13.62460,-17.91350,1904.78100,-375.528,-375.965
2015-09-30,0.71500,,0.71500,2.90400,1.20500,,-3.39400,0.20700,-3.18700,-0.47800,-2.70900,-2.70900,,-2.75900,-3.33900,-3.39400,0.00960,0.00960,-284.85760,-284.85760,5.09100,100.00000,-474.68540,-474.68540,-445.73430,-385.87410,0.02640,,-12.54170,-12.54170,-10.01520,-12.54170,2240.50500,-419.3441,-420.3634
2015-06-30,0.29600,,0.29600,2.58000,1.33300,,-3.61700,-0.13500,-3.75200,-0.40500,-3.34700,-3.34700,,-3.39700,-3.56700,-3.61700,0.00960,0.00960,-356.82160,-356.82160,4.69630,100.00000,-1221.95900,-1221.95900,-1267.56800,-1147.63500,0.00960,,-13.88800,-13.88800,-10.87110,-13.88800,2522.72100,-126.6467,-127.0151
2015-03-31,0.51200,,0.51200,4.34200,1.46800,,-5.29800,-0.37700,-5.67500,-0.76300,-4.91200,-4.91200,,-4.96200,-5.24600,-5.29800,0.00720,0.00720,-683.93180,-683.93180,4.30480,100.00000,-1034.76600,-1034.76600,-1108.39800,-969.14050,0.01450,,-18.17310,-18.17310,-13.89260,-18.17310,2829.32100,-676.65020,-678.58350
2014-12-31,0.24700,,0.24700,4.41600,2.99900,,-5.78200,-0.12500,-5.90700,-1.10800,-4.79900,-4.79900,0.00000,-4.84900,-5.72300,-5.78200,0.00610,0.00610,-719.92840,-719.92840,3.87030,100.00000,-2340.89200,-2340.89200,-2391.49900,-1963.15800,0.00840,,-22.12740,-22.12750,-16.33040,-22.12750,3365.18900,-679.762,-682.484
2014-09-30,0.73500,,0.73500,4.97200,1.43300,,-5.67000,0.00900,-5.66100,-0.75000,-4.91100,-4.91100,0.00400,-4.95700,-5.60100,-5.67000,0.00630,0.00630,-791.92100,-791.92100,4.60770,100.00000,-771.42860,-771.42860,-770.20400,-674.42180,0.02320,,-19.92860,-19.92860,-15.52640,-19.92860,3911.88700,-979.481,-1017.06
2014-06-30,0.35600,,0.35600,4.54500,,,-5.57500,-0.06000,-5.63500,-0.81600,-4.81900,-4.81900,0.00700,-4.86200,-5.55200,-5.57500,0.00630,0.00630,-791.92100,-791.92100,4.79010,100.00000,-1566.01100,-1566.01100,-1582.86500,-1365.73000,0.00950,,-16.28650,-16.28650,-12.81310,-16.28650,4697.02600,-535.9859,-540.6332
2014-03-31,0.39600,,0.39600,4.34400,1.46200,,-5.41000,-0.03600,-5.44600,-0.56900,-4.87700,-4.87700,0.00800,-4.91900,-5.38700,-5.41000,0.00540,0.00540,-899.91020,-899.91020,3.79700,100.00000,-1366.16200,-1366.16200,-1375.25300,-1242.17200,0.01170,,-19.52750,-19.52750,-14.43540,-19.52750,4536.10300,-871.06510,-876.77880
2013-12-31,0.29900,,0.29900,2.49100,1.78200,,-3.97400,-0.05200,-4.02600,-0.45200,-3.57400,-3.57400,0.01500,-3.60900,-3.96200,-3.97400,0.00420,0.00420,395.96040,431.95700,4.84740,100.00000,-1329.09700,-1329.09700,-1346.48900,-1207.02400,0.00840,,-12.75380,-12.75380,-10.06190,-12.75380,5207.94800,-1727.445,-1756.807
2013-09-30,0.30900,,0.30900,4.57500,1.52900,,-5.79500,0.04900,-5.74600,-0.73000,-5.01600,-5.01600,0.01200,-5.72800,-5.77300,-5.79500,0.00490,0.00490,-1151.88500,-1151.88500,4.20130,100.00000,-1875.40500,-1875.40500,-1859.54700,-1853.72200,0.00810,,-17.29000,-17.29000,-13.20380,-17.29000,5586.83800,166.566,170.312
2013-06-30,0.26400,,0.26400,2.63100,1.78700,,-4.15400,5.40200,1.24800,-0.23000,1.47800,1.47800,0.01400,1.42900,-4.14400,-4.15400,0.00390,0.00390,359.96410,359.96410,5.64750,100.00000,-1573.48500,-1573.48500,472.72730,541.28790,0.00700,,4.77840,4.77840,3.94030,4.77840,6285.09700,-787.186,-777.138
2013-03-31,0.21200,,0.21200,1.58000,2.68300,,-4.05100,0.69500,-3.35600,-0.25800,-3.09800,-3.09800,0.01600,-11.57000,-4.02500,-4.05100,0.00270,0.00270,-4247.57600,-4247.57600,2.34830,100.00000,-1910.84900,-1910.84900,-1583.01900,-5457.54700,0.01210,,-30.27160,-30.27160,-17.71700,-30.27160,3385.29000,-1973.73600,-2007.56300
2012-12-31,0.00500,,0.00500,1.99600,2.66300,,-4.65400,-0.41300,-5.06700,-0.63700,-4.43000,-4.43000,-0.33400,-4.94600,-4.63900,-4.65400,0.00230,0.00230,-2087.79200,-2087.79200,2.02160,100.00000,-93080.01000,-93080.01000,-101340.00000,-98920.00000,0.00030,,-44.22040,-44.21600,-22.88930,-44.21600,4152.06100,-1135.1,-1134.747
2012-09-30,0.03800,,0.03800,1.53200,2.02800,,-3.52200,-0.05000,-3.57200,-0.41900,-3.15300,-3.15300,1.26300,-2.07200,-3.50700,-3.52200,0.00230,0.00230,-899.91020,-899.91020,2.73440,100.00000,-9268.42100,-9268.42100,-9400.00000,-5452.63200,0.00190,,-23.83580,-23.83400,-15.36100,-23.83400,5646.15200,-899.851,-900.709
2012-06-30,0.02600,,0.02600,1.71700,2.12100,,-3.81200,0.30600,-3.50600,-0.12700,-3.37900,-3.37900,-0.19800,-3.75900,-3.79700,-3.81200,0.00230,0.00230,-1619.83800,-1619.83800,3.20980,100.00000,-14661.54000,-14661.54000,-13484.61000,-14457.69000,0.00120,,-22.44440,-22.44290,-15.49860,-22.44290,6428.01900,-1457.866,-1442.558
2012-03-31,,,,1.34700,1.76800,,-3.11500,0.15300,-2.96200,-0.16800,-2.79400,-2.79400,-0.16100,-3.13700,-3.10000,-3.11500,0.00220,0.00220,-1439.85600,-1439.85600,3.70070,,,,,,,,-15.07420,-15.07340,-11.02690,-15.07340,7914.84500,-1735.17100,-1728.26900
2011-12-31,,,,2.20100,0.88800,,-2.91100,-0.03700,-3.30800,-0.12200,-3.18600,-3.18600,-0.47200,-3.84000,-2.92000,-3.27100,0.00200,0.00200,-1765.18400,-1765.18400,3.97520,,,,,,,,-16.33930,-16.33850,-12.25480,-16.33850,9061.83800,5026.198,5029.0119
2011-09-30,,,,2.06600,1.81400,,-3.88000,0.47700,-3.40300,-0.12600,-3.27700,-3.27700,-0.16800,-3.62700,-3.80200,-3.88000,0.00210,0.00210,-1691.83100,-1691.83100,4.84940,,,,,,,,-14.24160,-14.24100,-11.32110,-14.24100,10692.07000,-5027.9633,-5030.7773
2011-06-30,0.16800,0.07200,0.09600,1.85900,2.03400,3.89300,-3.79700,0.11900,-3.67800,-0.12600,-3.55200,-3.55200,,-3.73400,-3.71100,-3.79700,0.00180,0.00180,-2015.19400,-2015.19400,3.71670,57.14290,-2260.11900,-2260.11900,-2189.28600,-2222.61900,0.00740,0.48980,-21.32820,-21.32690,-15.65100,-21.32690,0.35790,-0.098,-0.098
2011-03-31,0.19200,0.10600,0.08600,3.08000,1.80600,4.88600,-4.80000,0.02100,-4.77900,-0.19100,-4.58800,-4.58800,,-4.77000,-4.71400,-4.80000,0.00180,0.00180,-2518.99300,-2518.99300,3.94330,44.79170,-2500.00000,-2500.00000,-2489.06200,-2484.37500,0.00710,0.92170,-22.50900,-22.50790,-16.86950,-22.50790,0.43810,-0.08370,-0.08370
2010-12-31,0.13700,0.10800,0.02900,1.44500,2.01500,3.46000,-3.43100,0.11000,-3.32100,-0.15100,-3.17000,-3.17000,,-3.35200,-3.32500,-3.43100,0.00180,0.00180,-1763.29500,-1763.29500,4.75150,21.16790,-2504.38000,-2504.38000,-2424.08800,-2446.71500,0.00440,0.62070,-12.71920,-12.71870,-10.07660,-12.71870,0.53580,-0.0173,-0.0173
2010-09-30,0.15900,0.07600,0.08300,1.46900,2.61200,4.08100,-3.99800,0.04800,-3.95000,-0.14300,-3.80700,-3.80700,,-3.98900,-3.88900,-3.99800,0.00150,0.00150,-2770.89200,-2770.89200,2.47120,52.20130,-2514.46600,-2514.46600,-2484.27700,-2508.80500,0.00780,0.52780,-30.64230,-30.63740,-18.67000,-30.63740,0.32530,-0.0649,-0.0649
2010-06-30,0.11900,0.09200,0.02700,1.32200,3.09100,4.41300,-4.38600,0.22300,-4.16300,-0.23000,-3.93300,-3.93300,,-6.54300,-4.27400,-4.38600,0.00150,0.00150,-4534.18700,-4534.18700,2.63730,22.68910,-3685.71400,-3685.71400,-3498.31900,-5498.31900,0.00530,2.35900,-27.78920,-27.78720,-17.62970,-27.78720,0.38380,-0.117,-0.1173
2010-03-31,0.27100,0.14200,0.12900,2.17800,2.40200,4.58000,-4.45100,-0.79300,-5.24400,-0.13300,-5.11100,-5.11100,,-5.81900,-4.32100,-4.45100,0.00130,0.00130,-4534.18700,-4534.18700,2.71950,47.60150,-1642.43500,-1642.43500,-1935.05500,-2147.23200,0.01010,1.32710,-29.60670,-29.60330,-19.08800,-29.60330,0.48800,-0.15060,-0.14960
2009-12-31,0.18700,0.07400,0.11300,2.59200,1.83500,4.42700,-4.31400,-0.17600,-4.49000,-0.15200,-4.33800,-4.33800,,-4.64500,-4.29800,-4.31400,0.00090,0.00090,-4282.28800,-4282.28800,1.55560,60.42780,-2306.95100,-2306.95200,-2401.06900,-2483.95800,0.01290,0.51030,-73.90130,-73.87600,-29.98760,-73.87600,0.22830,-0.1262,-0.1228
2009-09-30,0.23000,0.16300,0.06700,1.39400,2.18800,3.58200,-3.51500,0.18600,-3.32900,-0.20500,-3.12400,-3.12400,,-3.43100,-3.48300,-3.51500,0.00090,0.00090,-3778.48900,-3778.48900,1.73940,29.13040,-1528.26100,-1528.26100,-1447.39100,-1491.73900,0.01310,1.16430,-39.32030,-39.31040,-17.80870,-39.31040,0.32560,-0.0337,-0.0339
2009-06-30,0.26600,0.19200,0.07400,2.68300,2.28500,5.33400,-5.26000,-2.01800,-7.27800,-0.23300,-7.04500,-7.04500,,-7.35200,-4.84500,-5.26000,0.00080,0.00080,-9068.37400,-9068.37400,1.68140,27.81960,-1977.44400,-1977.44400,-2736.09000,-2763.91000,0.01370,0.62750,-85.43530,-85.41470,-36.20250,-85.41470,0.40410,-0.2766,-0.2769
2009-03-31,0.22800,0.11600,0.11200,3.09700,2.23000,5.32700,-5.21500,-0.20600,-5.42100,-0.35800,-5.06300,-5.06300,,-5.37000,-4.98800,-5.21500,0.00080,0.00080,-6549.38100,-6549.38100,2.74080,49.12280,-2287.28100,-2287.28100,-2377.63200,-2355.26300,0.00910,0.25220,-33.31140,-33.30700,-20.11760,-33.30700,0.74470,-0.23480,-0.23430
