Date,revenue,gross-profit,research-development-expenses,selling-general-administrative-expenses,other-operating-income-expenses,operating-income,total-non-operating-income-expense,pre-tax-income,income-after-taxes,income-from-continuous-operations,income-from-discontinued-operations,net-income,ebitda,ebit,basic-shares-outstanding,shares-outstanding,eps-basic-net-earnings-per-share,eps-earnings-per-share-diluted,current-ratio,debt-equity-ratio,gross-margin,operating-margin,ebit-margin,pre-tax-profit-margin,net-profit-margin,asset-turnover,receiveable-turnover,days-sales-in-receivables,roe,return-on-tangible-equity,roa,roi,book-value-per-share,operating-cash-flow-per-share,free-cash-flow-per-share
2024-09-30,0.19400,0.19400,0.08100,1.24100,,-1.12800,0.40500,-0.72300,-0.72300,-0.72300,,-0.72300,-1.12800,-1.12800,2.52600,2.52600,-0.29000,-0.29000,5.06860,,100.00000,-581.44330,-581.44330,-372.68040,-372.68040,0.02180,4.40910,20.41240,-8.81920,-8.81920,-8.12540,-8.81920,3.23900,-0.6718,-0.6718
2024-06-30,,,0.10500,1.27900,,-1.38400,0.06200,-1.32200,-1.32200,-1.32200,,-1.32200,-1.38400,-1.38400,2.51000,2.51000,-0.53000,-0.53000,3.67780,,,,,,,,,,-15.05180,-15.05180,-13.13460,-15.05180,3.49090,-0.4359,-0.4359
2024-03-31,,,0.04400,1.57400,,-1.61800,0.07600,-1.54200,-1.54200,-1.54200,,-1.54200,-1.61800,-1.61800,2.49400,2.49400,-0.62000,-0.62000,4.17350,,,,,,,,,,-15.53970,-15.53970,-13.56920,-15.53970,3.96920,-0.75020,-0.75020
2023-12-31,,,0.02400,1.77200,,-1.79600,0.10100,-1.69500,-1.69500,-1.69500,0.00100,-1.69400,-1.79600,-1.79600,2.33800,2.33800,-0.32000,0.06000,3.84660,,,,,,,,,,-15.01590,-15.01600,-12.67390,-15.01600,4.56270,-2.0143,-2.0143
2023-09-30,,,0.58000,2.13100,-3.30400,-6.01500,0.10700,-5.90800,-5.90800,-5.90800,13.47400,7.56600,-6.01500,-6.01500,2.43500,2.78600,3.10000,2.72000,4.21360,,,,,,,,,,-45.89440,-45.89450,-38.83270,-45.89450,5.26500,-1.477,-1.477
2023-06-30,,,0.33900,1.52600,,-1.86500,0.06200,-1.80300,-1.80300,-1.80300,-2.37800,-4.18100,-1.86500,-1.86500,2.28200,2.28200,-1.83000,-1.83000,1.43780,,,,,,,,,,-35.00980,-35.00970,-17.85680,-35.00970,2.13870,-2.7398,-2.7398
2023-03-31,,,0.57200,2.70300,,-3.27500,0.08800,-3.18700,-3.18700,-3.18700,-3.76700,-6.95400,-3.27500,-3.27500,2.17600,2.17600,-3.20000,-3.20000,1.10680,,,,,,,,,,-81.19750,-81.19750,-27.81950,-81.19750,1.80360,-2.85570,-2.85570
2022-12-31,-0.72000,-0.72000,-15.39600,2.28100,,12.39500,0.13200,12.52700,12.52700,12.52700,-19.74300,-7.21600,12.39500,12.39500,2.17300,2.17300,-3.29000,-3.29000,1.94310,,100.00000,-1721.52800,-1721.52800,-1739.86100,1002.22200,-0.03980,-7.50000,-12.00000,119.85250,119.85260,69.29030,119.85270,4.80330,-3.2482,-3.2482
2022-09-30,,,1.41400,3.10400,,-4.51800,0.11100,-4.40700,-4.40700,-4.40700,-6.08900,-10.49600,-4.51800,-4.51800,2.17400,2.17400,-4.83000,-4.83000,2.53910,,,,,,,,,,-26.67030,-26.67030,-17.59070,-26.67030,7.59830,-4.5557,-4.5557
2022-06-30,0.30600,0.30600,10.21800,3.52100,,-13.43300,0.04500,-13.38800,-13.38800,-13.38800,,-13.38800,-13.41600,-13.43300,2.17300,2.17300,-6.16000,-6.16000,3.21550,,100.00000,-4389.87000,-4389.87000,-4375.16300,-4375.16300,0.00870,1.34800,66.76470,-52.78970,-52.78970,-38.02010,-52.78970,11.66560,-4.9737,-4.9737
2022-03-31,0.71100,0.71100,9.74300,3.95200,,-12.98400,0.00600,-12.97800,-12.97800,-12.97800,,-12.97800,-12.93600,-12.98400,2.17130,2.17130,-6.00000,-6.00000,4.51330,,100.00000,-1826.16000,-1826.16000,-1825.31600,-1825.31600,0.01530,3.13220,28.73420,-35.04350,-35.04350,-27.89470,-35.04350,17.04750,-5.91130,-5.91130
2021-12-31,0.53200,0.53200,10.45800,4.41300,,-14.33900,3.56300,-10.77600,-10.77600,-10.77600,,-10.77600,-14.29100,-14.33900,1.95720,1.95720,-4.40000,-4.40000,5.00290,,100.00000,-2695.30200,-2695.30200,-2025.56400,-2025.56400,0.00900,5.32000,16.91730,-22.33550,-22.33550,-18.16250,-22.33550,22.22810,-5.7743,-5.7029
2021-09-30,0.34800,0.34800,7.03200,4.60100,,-11.28500,-0.00500,-11.29000,-11.29000,-11.29000,,-11.29000,-11.23700,-11.28500,2.16460,2.16460,-5.20000,-5.20000,5.60830,0.06220,100.00000,-3242.81600,-3242.81600,-3244.25300,-3244.25300,0.00510,2.20250,40.86210,-20.02230,-20.02240,-16.66620,-20.02230,26.03880,-1.7014,-1.8483
2021-06-30,3.00000,3.00000,12.05400,6.24100,-0.88100,-16.17600,-0.00600,-16.18200,-16.18200,-16.18200,,-16.18200,-16.05800,-16.17600,1.78540,1.78540,-9.00000,-9.00000,6.94470,0.05380,100.00000,-539.20000,-539.20000,-539.40000,-539.40000,0.03960,,,-24.81060,-24.81060,-21.36750,-24.81060,30.14300,-2.6994,-2.7373
2021-03-31,0.06200,0.06200,8.09200,5.36500,,-13.39500,-0.00400,-13.39900,-13.39900,-13.39900,,-13.39900,-13.13700,-13.39500,1.70410,1.70410,-7.80000,-7.80000,3.30040,0.07250,100.00000,-21604.84000,-21604.84000,-21611.29000,-21611.29000,0.00060,,,-27.66500,-27.66500,-13.40340,-27.66500,28.38150,-8.48270,-7.62480
2020-12-31,0.13300,0.13300,12.09200,7.26500,,-19.22400,-0.00400,-19.22800,-19.22800,-19.22800,,-19.22800,-18.75400,-19.22400,1.52020,1.52020,-10.80000,-10.80000,3.45100,0.05900,100.00000,-14454.14000,-14454.14000,-14457.14000,-14457.14000,0.00120,1.04720,85.93980,-32.31980,-32.31980,-16.66520,-32.31980,34.94760,-11.2647,-10.3692
2020-09-30,0.40000,0.40000,13.70300,8.03300,-0.44400,-21.78000,2.96800,-18.81200,-18.81200,-18.81200,,-18.81200,-21.19200,-21.78000,1.60480,1.60480,-11.80000,-11.80000,4.31210,0.04660,100.00000,-5445.00000,-5445.00000,-4703.00000,-4703.00000,0.00300,1.00000,90.00000,-24.96480,-24.96480,-14.31640,-24.96480,44.37550,-5.1875,-5.0485
2020-06-30,0.74900,0.74900,13.79400,6.62700,,-19.67200,0.13800,-19.53400,-19.53400,-19.53400,,-19.53400,-19.05900,-19.67200,1.38960,1.38960,-14.00000,-14.00000,3.80710,0.05310,100.00000,-2626.43500,-2626.43500,-2608.01100,-2608.01100,0.00580,0.99730,90.24030,-29.55170,-29.55180,-15.25640,-29.55180,47.45570,-10.1417,-10.1841
2020-03-31,1.01400,1.01400,16.82500,6.89100,2.11300,-20.58900,0.36100,-20.22800,-20.22800,-20.22800,,-20.22800,-19.96300,-20.58900,1.38350,1.38350,-14.60000,-14.60000,6.13260,,100.00000,-2030.47300,-2030.47300,-1994.87200,-1994.87200,0.00720,0.98830,91.06510,-24.80750,-24.80750,-14.44550,-24.80750,58.75700,-21.09220,-22.07240
2019-12-31,1.48100,1.48100,20.68200,7.38500,,-26.58600,0.53000,-26.05600,-26.05600,-26.05600,,-26.05600,-25.93300,-26.58600,1.36900,1.36900,-18.80000,-18.80000,5.54530,,100.00000,-1795.13900,-1795.13900,-1759.35200,-1759.35200,0.00790,1.00470,89.57460,-26.66150,-26.66150,-13.97270,-26.66150,70.82330,-16.3043,-16.3868
2019-09-30,1.39800,1.39800,22.29500,7.11900,,-28.01600,0.69900,-27.31700,-27.31700,-27.31700,,-27.31700,-27.31900,-28.01600,1.37170,1.37170,-20.00000,-20.00000,6.32100,,100.00000,-2004.00600,-2004.00600,-1954.00600,-1954.00600,0.00670,0.97080,92.70390,-22.91750,-22.91750,-13.02650,-22.91750,86.78970,-17.2981,-17.6954
2019-06-30,1.62800,1.62800,25.75900,8.92300,,-33.05400,0.80000,-32.25400,-32.25400,-32.25400,,-32.25400,-32.22900,-33.05400,1.36970,1.36970,-23.60000,-23.60000,6.60220,,100.00000,-2030.34400,-2030.34400,-1981.20400,-1981.20400,0.00690,0.87670,102.65970,-22.84440,-22.84440,-13.69580,-22.84440,103.01700,-16.028,-19.1281
2019-03-31,,,26.40400,10.97700,,-37.38100,,-37.38100,-37.38100,-37.38100,,-37.38100,-36.85600,-37.38100,1.36900,1.36900,-27.40000,-27.40000,0.05370,,,,,,,,,,,482.21110,-382.49260,482.21110,-5.65800,-25.03360,-26.35870
2018-12-31,,,22.45200,8.45000,,-30.90200,,-30.90200,-30.90200,-30.90200,0.00000,-30.90200,-30.43600,-30.90200,1.36900,1.36900,-41.00000,-41.00000,0.04930,,,,,,,,,,295.85450,295.85450,-417.53820,295.85450,,-16.9117,-18.2381
2018-09-30,,,21.49900,7.78700,,-29.28600,,-29.28600,-29.28600,-29.28600,,-29.28600,-28.94600,-29.28600,1.36900,1.36900,-21.40000,-21.40000,,,,,,,,,,,,,,,,-18.4835,-19.3309
2018-06-30,,,22.25100,7.53000,,-29.78100,,-29.78100,-29.78100,-29.78100,,-29.78100,-29.41500,-29.78100,1.36900,1.36900,-21.80000,-21.80000,,,,,,,,,,,,,,,,-35.8269,-36.1644
2018-03-31,,,21.51400,3.76900,,-25.28300,,-25.28300,-25.28300,-25.28300,,-25.28300,-24.92700,-25.28300,,,,0.00000,,,,,,,,,,,,,,,,0.00000,
2017-12-31,,,,,,,,,,,,,,,,,,0.00000,,,,,,,,,,,,,,,,0,0
