Date,revenue,cost-goods-sold,gross-profit,selling-general-administrative-expenses,other-operating-income-expenses,operating-expenses,operating-income,total-non-operating-income-expense,pre-tax-income,total-provision-income-taxes,income-after-taxes,income-from-continuous-operations,net-income,ebitda,ebit,basic-shares-outstanding,shares-outstanding,eps-basic-net-earnings-per-share,eps-earnings-per-share-diluted,current-ratio,long-term-debt-capital,debt-equity-ratio,gross-margin,operating-margin,ebit-margin,pre-tax-profit-margin,net-profit-margin,asset-turnover,inventory-turnover,receiveable-turnover,days-sales-in-receivables,roe,return-on-tangible-equity,roa,roi,book-value-per-share,operating-cash-flow-per-share,free-cash-flow-per-share
2024-06-30,17.49400,0.15000,17.34400,16.45200,0.26500,16.25400,1.09000,30.74500,31.83500,8.48000,23.35500,23.35500,23.35500,1.15700,1.09000,1.37700,1.37700,16.96000,16.96000,8.58200,0.10160,0.11380,99.14260,6.23070,6.23070,181.97670,133.50290,0.04730,4.28570,0.79190,113.64470,9.27320,9.27320,6.31450,8.33060,182.90050,1.1627,1.1714
2024-03-31,16.57100,0.16000,16.41100,15.82200,0.11100,15.77800,0.63300,19.98700,20.62000,5.20500,15.41500,15.41500,15.41500,0.70000,0.63300,1.37700,1.37700,11.19000,11.19000,8.96850,0.11760,0.13400,99.03450,3.81990,3.81990,124.43430,93.02400,0.04940,2.50000,1.06060,84.85670,6.74620,6.74620,4.59130,5.95270,165.93970,-2.6514,-2.6645
2023-12-31,15.99300,0.20500,15.78800,15.27600,0.17700,15.16500,0.62300,15.11700,15.74000,3.12500,12.61500,12.61500,12.61500,0.68900,0.62300,1.37700,1.37700,9.16000,9.16000,10.02570,0.25010,0.33430,98.71820,3.89550,3.89550,98.41810,78.87830,0.04480,3.53450,1.25310,71.82330,5.92020,5.92020,3.53000,4.43940,154.74510,-0.84390,-0.84750
2023-09-30,21.55000,0.18500,21.36500,17.03600,-0.83300,17.93500,3.43000,-12.90500,-9.47500,-2.99000,-6.48500,-6.48500,-6.48500,3.49600,3.43000,1.37700,1.37700,-4.71000,-4.71000,8.18530,0.27520,0.38050,99.14160,15.91650,15.91650,-43.96750,-30.09280,0.06070,2.56940,1.15320,78.04320,-3.23490,-3.23490,-1.82750,-2.34460,145.58390,4.8367,4.8366
2023-06-30,17.70400,0.21800,17.48600,14.93900,-0.16600,15.17300,2.31300,-1.93100,0.38200,-0.29500,0.67700,0.67700,0.67700,2.38100,2.31300,1.37700,1.37700,0.49000,0.49000,9.23850,0.28420,0.39780,98.76860,13.06480,13.06480,2.15770,3.82400,0.04840,3.82460,1.02090,88.15970,0.32710,0.32710,0.18500,0.23420,150.29340,4.8612,4.8526
2023-03-31,16.15400,0.19300,15.96100,14.23300,-0.03300,14.33600,1.62500,11.64300,13.26800,3.83500,9.43300,9.43300,9.43300,1.69500,1.62500,1.37700,1.37700,6.85000,6.85000,11.18250,0.28490,0.39920,98.80530,10.05940,10.05940,82.13450,58.39420,0.04500,1.96940,1.13240,79.47570,4.57300,4.57300,2.62740,3.26990,149.80170,-0.4851,-0.5127
2022-12-31,12.30100,0.19900,12.10200,13.05200,0.30900,12.81800,-0.71600,24.64300,23.92700,6.10000,17.82700,17.82700,17.82700,-0.64100,-0.71600,1.37700,1.37700,12.95000,12.95000,10.75660,0.29470,0.41870,98.38220,-5.82070,-5.82070,194.51260,144.92320,0.03550,2.45680,0.99240,90.68780,9.05640,9.05640,5.14830,6.38710,142.95130,1.74150,1.71530
2022-09-30,18.50700,0.21000,18.29700,13.04500,-1.51000,14.63400,3.66300,-65.68000,-62.01700,-17.19000,-44.82700,-44.82700,-44.82700,3.74100,3.66300,1.38000,1.38000,-32.50000,-32.50000,9.20470,0.29880,0.42690,98.86530,19.79250,19.79250,-335.10030,-242.21650,0.05800,3.75000,1.03100,87.29130,-25.04060,-25.04060,-14.04750,-17.55840,130.00510,3.3363,3.3203
2022-06-30,12.81700,0.17400,12.64300,12.42300,-2.25000,14.74600,-2.10300,-11.42400,-13.52700,-3.66500,-9.86200,-9.86200,-9.86200,-2.02900,-2.10300,1.38000,1.38000,-7.15000,-7.15000,12.17040,0.25430,0.34160,98.64240,-16.40790,-16.40790,-105.53950,-76.94470,0.03330,2.48570,0.87520,102.82910,-4.40570,-4.40570,-2.56440,-3.28560,162.55920,2.3579,2.626
2022-03-31,10.94900,0.19600,10.75300,11.94500,1.68800,10.38000,0.37300,-38.81600,-38.44300,-10.63000,-27.81300,-27.81300,-27.81300,0.49600,0.37300,1.38070,1.38070,-20.14000,-20.14000,15.31250,0.24630,0.32740,98.20990,3.40670,3.40670,-351.10970,-254.02320,0.02810,3.84310,1.01060,89.05470,-11.90090,-11.90090,-7.12990,-8.97020,169.22950,-9.7418,-9.7439
2021-12-31,11.73600,0.15900,11.57700,11.33900,-0.07800,11.52100,0.05600,11.38200,11.43800,4.56000,6.87800,6.87800,6.87800,0.16000,0.05600,1.38100,1.38100,4.98000,4.98000,9.49220,0.21210,0.26980,98.64520,0.47720,0.47720,97.46080,58.60600,0.02690,2.89090,1.63570,55.02300,2.63000,2.63000,1.57750,2.07210,189.36930,0.23530,0.23530
2021-09-30,11.97300,0.15600,11.81700,11.13200,-0.71100,11.97900,-0.16200,-1.22200,-1.38400,0.03500,-1.41900,-1.41900,-1.41900,-0.02600,-0.16200,1.38100,1.38100,-1.03000,-1.03000,10.94720,0.11610,0.13190,98.69710,-1.35310,-1.35310,-11.55920,-11.85170,0.03130,3.62790,1.25710,71.59110,-0.55730,-0.55730,-0.37090,-0.49260,184.38890,2.3635,2.3635
2021-06-30,13.56200,0.16200,13.40000,11.30700,-0.65500,12.07600,1.32400,56.44900,57.77300,15.20000,42.57300,42.57300,42.57300,1.43800,1.32400,1.38070,1.38070,30.83000,30.83000,13.99990,0.11560,0.13130,98.80550,9.76260,9.76260,425.99170,313.91390,0.03480,2.94550,1.35420,66.46140,16.62620,16.62620,10.93020,14.70430,185.41640,2.3176,2.3176
2021-03-31,13.97000,0.15300,13.81700,11.39200,-1.00500,12.51200,1.30500,13.90600,15.21100,2.73500,12.47600,12.47600,12.47600,1.42000,1.30500,1.38070,1.38070,9.04000,9.04000,12.55830,0.13570,0.15760,98.90480,9.34140,9.34140,108.88330,89.30570,0.04230,5.10000,1.48160,60.74520,5.84390,5.84390,3.77320,5.05120,154.58870,-0.2865,-0.3075
2020-12-31,10.42000,0.15400,10.26600,10.46600,,10.58100,-0.31500,81.76500,81.45000,22.18000,59.27000,59.27000,59.27000,-0.20000,-0.31500,1.38100,1.38100,42.93000,42.93000,11.08550,0.07600,0.08300,98.52210,-3.02300,-3.02300,781.66980,568.81000,0.03440,5.70370,1.39830,64.36470,29.48600,29.48600,19.53890,27.24390,145.55470,-2.01520,-2.01520
2020-09-30,13.03500,0.17100,12.86400,11.98400,,12.12400,0.74000,42.58800,43.32800,11.44500,31.88300,31.88300,31.88300,0.88000,0.74000,1.38100,1.38100,23.09000,23.09000,7.72800,0.17980,0.22010,98.68810,5.67700,5.67710,332.39730,244.59530,0.05460,4.75000,1.77880,50.59610,22.49380,22.49380,13.36390,18.44970,102.63650,2.7784,2.7668
2020-06-30,12.87400,0.15700,12.71700,11.99600,,12.12400,0.59300,18.00100,18.59400,4.32000,14.27400,14.27400,14.27400,0.72100,0.59300,1.38100,1.38100,10.34000,10.34000,5.95720,0.22610,0.29340,98.78050,4.60620,4.60620,144.43060,110.87460,0.06500,3.07840,1.26660,71.05490,12.99310,12.99310,7.21040,10.05490,79.54960,2.2281,2.2281
2020-03-31,12.35600,0.19300,12.16300,13.13300,,13.26100,-1.09800,-76.08800,-77.18600,-20.86000,-56.32600,-56.32600,-56.32600,-0.97000,-1.09800,1.38100,1.38100,-40.79000,-40.79000,5.86640,0.24570,0.32710,98.43800,-8.88640,-8.88640,-624.68430,-455.85950,0.07070,4.82500,1.81250,49.65440,-58.92830,-58.92830,-32.23510,-44.44880,69.22640,-1.0514,-1.1028
2019-12-31,11.67700,0.17800,11.49900,12.88900,,13.01700,-1.51800,21.00800,19.49000,5.28000,14.21000,14.21000,14.21000,-1.39000,-1.51800,1.38100,1.38100,10.29000,10.29000,8.01940,0.17020,0.20600,98.47560,-12.99990,-12.99990,166.90930,121.69220,0.04580,3.63270,1.53560,58.60750,9.35420,9.35420,5.57560,7.76170,110.00000,-2.26360,-2.33380
2019-09-30,12.99700,0.17900,12.81800,13.42900,,26.97400,-14.15600,0.35200,-13.80400,-1.28000,-12.52400,-12.52400,-12.52400,-0.61100,-14.15600,1.38100,1.38100,-9.06000,-9.06000,6.94370,0.18470,0.22750,98.62270,-108.91740,-108.91740,-106.20910,-96.36070,0.05480,4.47500,1.80790,49.78150,-9.09510,-9.09510,-5.27600,-7.41500,99.71040,1.6082,1.5591
2019-06-30,14.51800,0.18600,14.33200,13.06700,,13.20800,1.12400,4.31900,5.44300,1.62000,3.82300,3.82300,3.82300,1.26400,1.12400,1.38100,1.38100,2.77000,2.77000,6.99750,0.17210,0.20870,98.71880,7.74210,7.74210,37.49140,26.33280,0.05810,4.53660,1.67260,53.80910,2.54490,2.79410,1.53070,2.10680,108.79920,2.0051,1.9956
2019-03-31,10.71200,0.18600,10.52600,13.04700,,13.19700,-2.67100,9.40600,6.73500,1.71700,5.01800,5.01800,5.01800,-2.52000,-2.67100,1.38100,1.38100,3.63000,3.63000,7.11160,0.17600,0.21440,98.26360,-24.93470,-24.93470,62.87340,46.84470,0.04400,4.32560,1.40850,63.89560,3.42760,3.77290,2.06110,2.82440,106.03040,-0.6358,-0.6358
2018-12-31,10.42800,0.17600,10.25200,12.62000,,12.77300,-2.52100,-27.32900,-29.85000,-8.31700,-21.53300,-21.53300,-21.53300,-2.36800,-2.52100,1.38100,1.38100,-15.60000,-15.60000,7.07690,0.18120,0.22220,98.31220,-24.17530,-24.17530,-286.24860,-206.49210,0.04440,3.20000,1.47060,61.19970,-15.23030,-16.82490,-9.15850,-12.46990,102.37730,-1.80810,-1.86890
2018-09-30,10.10600,0.19100,9.91500,12.79200,,13.44800,-3.53300,-3.68100,-7.21400,-1.88000,-5.33400,-5.33400,-5.33400,-2.87700,-3.53300,1.38100,1.38100,-3.86000,-3.86000,8.33650,0.16130,0.19300,98.11010,-34.95950,-34.95950,-71.38340,-52.78050,0.03830,4.15220,1.99210,45.17810,-3.27410,-3.56750,-2.02050,-2.74600,117.99130,3.1636,3.1542
2018-06-30,11.00700,0.18600,10.82100,12.62500,,13.53000,-2.70900,1.02700,-1.68200,-0.71000,-0.97200,-0.97200,-0.97200,-1.80400,-2.70900,1.38100,1.38100,-0.70000,-0.70000,8.80350,0.16270,0.19510,98.31020,-24.61160,-24.61160,-15.28120,-8.83070,0.04260,3.50940,1.12090,80.29440,-0.60240,-0.65910,-0.37650,-0.50430,116.84790,-1.5185,-1.6083
2018-03-31,9.33800,0.19100,9.14700,12.62100,,13.52000,-4.37300,4.04100,-0.33200,-0.10000,-0.23200,-0.23200,-0.23200,-3.47400,-4.37300,1.38100,1.38100,-0.17000,-0.17000,10.30030,0.15590,0.18540,97.95460,-46.83020,-46.83020,-3.55540,-2.48450,0.03500,4.15220,1.83350,49.08650,-0.13650,-0.14940,-0.08700,-0.11520,123.06440,-2.4178,-2.4475
2017-12-31,10.25200,0.21200,10.04000,12.26700,,13.48500,-3.44500,1.33400,-2.11100,-16.85000,14.73900,14.73900,14.73900,-2.22700,-3.44500,1.38100,1.38100,10.67000,10.67000,11.00450,0.14410,0.16900,97.93210,-33.60320,-33.60320,-20.59110,143.76710,0.03540,5.30000,1.97950,45.46530,7.89880,8.60910,5.08430,6.76050,135.11800,-0.58940,-0.61400
2017-09-30,10.91400,0.21400,10.70000,12.73300,,14.11500,-3.41500,1.20500,-2.21000,-1.13500,-1.07500,-1.07500,-1.07500,-2.03300,-3.41500,1.38100,1.38100,-0.77000,-0.77000,9.95900,0.16450,0.19760,98.03920,-31.29010,-31.29010,-20.24920,-9.84970,0.03890,5.35000,1.74150,51.67950,-0.67300,-0.75030,-0.38300,-0.56230,115.69180,0.5641,0.5627
2017-06-30,10.20100,0.22400,9.97700,12.18700,,13.61000,-3.63300,0.81700,-2.81600,-1.46500,-1.35100,-1.35100,-1.35100,-2.21000,-3.63300,1.38100,1.38100,-0.98000,-0.98000,2.76370,0.17400,0.21140,97.80410,-35.61420,-35.61420,-27.60510,-13.24380,0.03900,4.57140,1.54440,58.27370,-0.90420,-1.02560,-0.51680,-0.74690,108.19330,-0.9631,-1.0044
2017-03-31,10.27900,0.23000,10.04900,11.92600,,13.31500,-3.26600,2.00500,-1.26100,-4.24000,2.97900,2.97900,2.97900,-1.87700,-3.26600,1.38100,1.38100,2.16000,2.16000,2.78900,0.17700,0.21580,97.76240,-31.77350,-31.77350,-12.26770,28.98140,0.04030,4.60000,1.73190,51.96520,2.03330,2.33460,1.16750,1.67350,106.08830,-0.5713,-0.5764
2016-12-31,9.99000,0.20900,9.78100,11.24200,,12.63400,-2.85300,1.07200,-1.78100,-0.31000,-1.47100,-1.47100,-1.47100,-1.46100,-2.85300,1.38100,1.38100,-1.07000,-1.07000,2.78540,0.18500,0.22790,97.90790,-28.55860,-28.55860,-17.82780,-14.72470,0.04020,4.18000,1.70970,52.63960,-1.05910,-1.23860,-0.59130,-0.86310,100.57280,-0.94930,-1.08470
2016-09-30,9.01700,0.23300,8.78400,10.68300,,12.10400,-3.32000,0.94800,-2.37200,-1.41000,-0.96200,-0.96200,-0.96200,-1.89700,-3.32000,1.38100,1.38100,-0.70000,-0.70000,2.84430,0.20120,0.25270,97.41600,-36.81940,-36.81940,-26.30590,-10.66870,0.04000,5.68290,1.61100,55.86450,-0.76750,-0.92510,-0.42670,-0.61310,90.77920,0.8537,0.7748
2016-06-30,10.33800,0.24300,10.09500,10.43200,,11.87700,-1.78200,1.15900,-0.62300,-0.28500,-0.33800,-0.33800,-0.33800,-0.33900,-1.78200,1.38100,1.38100,-0.25000,-0.25000,2.90470,0.20410,0.25740,97.64950,-17.23740,-17.23740,-6.02630,-3.26950,0.04700,5.17020,1.61580,55.69940,-0.27440,-0.33610,-0.15370,-0.21840,89.18610,0.8704,0.84
2016-03-31,11.44200,0.21900,11.22300,10.37100,,11.79900,-0.57600,0.72800,0.15200,-0.05500,0.20700,0.20700,0.20700,0.85200,-0.57600,1.38100,1.38100,0.15000,0.15000,2.89860,0.20220,0.25440,98.08600,-5.03410,-5.03410,1.32840,1.80910,0.05150,5.76320,1.76710,50.93080,0.16600,0.20520,0.09330,0.13240,90.31570,0.3316,0.2686
2015-12-31,10.81500,0.21700,10.59800,10.14500,,11.56000,-0.96200,0.82700,-0.13500,-0.18500,0.05000,0.05000,0.05000,0.45300,-0.96200,1.38100,1.38100,0.04000,0.04000,2.85050,0.19040,0.23590,97.99350,-8.89510,-8.89510,-1.24830,0.46230,0.04530,4.34000,1.82750,49.24830,0.03720,0.04570,0.02100,0.03010,97.44890,-1.16940,-3.73350
2015-09-30,10.76900,0.29000,10.47900,10.08100,,11.51900,-1.04000,0.52000,-0.52000,-0.36000,-0.16000,-0.16000,-0.16000,0.40000,-1.04000,1.38070,1.38070,-0.11000,-0.11000,2.86620,0.18660,0.22930,97.30710,-9.65740,-9.65740,-4.82870,-1.48570,0.04720,6.04170,1.67270,53.80440,-0.12440,-0.15650,-0.07010,-0.10120,93.12090,2.337,2.2413
2015-06-30,10.49400,0.33500,10.15900,9.93800,,11.30400,-1.14500,1.11800,-0.02700,-0.06000,0.03300,0.03300,0.03300,0.21900,-1.14500,1.38100,1.38100,0.02000,0.02000,2.84460,0.17590,0.21340,96.80770,-10.91100,-10.91100,-0.25730,0.31450,0.04310,5.31750,1.30100,69.17670,0.02390,0.02980,0.01360,0.01970,100.05360,0.5539,0.5199
2015-03-31,11.39200,0.25800,11.13400,10.73300,,12.10000,-0.96600,0.79500,-0.17100,-0.67500,0.50400,0.50400,0.50400,0.40100,-0.96600,1.38100,1.38100,0.37000,0.37000,2.84620,0.18170,0.22200,97.73530,-8.47960,-8.47960,-1.50110,4.42420,0.04860,6.78950,1.53300,58.70700,0.37930,0.48380,0.21480,0.31040,96.20850,2.5431,2.3136
2014-12-31,11.32300,0.34200,10.98100,9.98200,,11.34200,-0.36100,0.76900,0.40800,-0.02500,0.43300,0.43300,0.43300,0.99900,-0.36100,1.38100,1.38100,0.31000,0.31000,2.84730,0.18130,0.22150,96.97960,-3.18820,-3.18820,3.60330,3.82410,0.04820,6.21820,1.32810,67.76830,0.32520,0.41940,0.18440,0.26620,96.42430,0.18250,0.13250
2014-09-30,11.49800,0.27300,11.22500,9.98200,,11.36400,-0.13900,0.84400,0.70500,-0.47500,1.18000,1.18000,1.18000,1.24500,-0.13900,1.38100,1.38100,0.85000,0.85000,2.73960,0.17780,0.21630,97.62570,-1.20890,-1.20890,6.13150,10.26270,0.04710,5.35290,1.08300,83.10400,0.86530,1.12140,0.48390,0.71140,98.74800,0.5011,0.4779
2014-06-30,11.14600,0.36800,10.77800,9.65700,,11.04200,-0.26400,0.27700,0.01300,-0.02500,0.03800,0.03800,0.03800,1.11900,-0.26400,1.38100,1.38100,0.03000,0.03000,2.72140,0.18380,0.22520,96.69840,-2.36860,-2.36860,0.11660,0.34090,0.04730,7.66670,1.34810,66.76120,0.02900,0.03850,0.01610,0.02370,94.84070,2.6575,2.517
2014-03-31,10.82800,0.25100,10.57700,9.71000,,11.09500,-0.51800,0.59100,0.07300,0.02000,0.05300,0.05300,0.05300,0.86700,-0.51800,1.38100,1.38100,0.04000,0.04000,2.73530,0.18310,0.22410,97.68190,-4.78390,-4.78390,0.67420,0.48950,0.04680,6.60530,1.70390,52.82140,0.04030,0.05410,0.02290,0.03290,95.31210,0.924,0.8386
2013-12-31,9.95100,0.32900,9.62200,9.52700,,10.89100,-1.26900,0.61900,-0.65000,-0.01000,-0.64000,-0.64000,-0.64000,0.09500,-1.26900,1.38100,1.38100,-0.46000,-0.46000,2.74620,0.19610,0.24390,96.69380,-12.75250,-12.75250,-6.53200,-6.43150,0.04650,10.28130,1.57780,57.04250,-0.52930,-0.74340,-0.29920,-0.42550,87.54960,-0.81900,-0.88490
2013-09-30,11.02600,0.30700,10.71900,8.31700,,9.21400,1.50500,-1.02300,0.48300,-0.48500,0.96800,0.96800,0.96800,2.40400,1.50500,1.38100,1.38100,0.71000,0.71000,2.70240,0.20650,0.26020,97.21570,13.64950,13.64950,4.38060,8.77930,0.05430,5.48210,1.66580,54.02780,0.85400,1.25170,0.47670,0.67770,82.07600,2.1999,2.1839
2013-06-30,9.20400,0.37900,8.82500,7.74400,,8.37900,0.44600,0.71500,1.16100,0.33500,0.82600,0.82600,0.82600,1.08000,0.44600,1.38100,1.38100,0.60000,0.60000,2.77340,0.11680,0.13230,95.88220,4.84570,4.84570,12.61410,8.97440,0.05300,8.06380,1.59650,56.37220,0.78040,0.99010,0.47540,0.68930,76.63870,1.1528,1.0789
2013-03-31,9.75300,0.27600,9.47700,7.72000,,8.34000,1.13700,0.52400,1.66100,0.51000,1.15100,1.15100,1.15100,1.75600,1.13700,1.38100,1.38100,0.83000,0.83000,2.74380,0.12270,0.13980,97.17010,11.65800,11.65800,17.03070,11.80150,0.05880,6.90000,1.48760,60.49830,1.14960,1.49020,0.69440,1.00850,72.50180,0.3577,0.2933
2012-12-31,7.69300,0.34500,7.34800,6.35800,,6.64700,0.70100,0.56300,1.26400,0.43000,0.83400,0.83400,0.83400,0.99000,0.70100,1.38100,1.38100,0.60000,0.60000,2.75030,0.12810,0.14700,95.51540,9.11220,9.11220,16.43050,10.84100,0.04860,7.34040,1.45230,61.96930,0.87550,1.16010,0.52630,0.76330,68.97680,0.39680,0.34830
2012-09-30,7.75700,0.29800,7.45900,5.32300,,5.45500,2.00400,0.55400,2.55800,0.97500,1.58300,1.58300,1.58300,2.13500,2.00400,1.38100,1.38100,1.14000,1.14000,3.72830,,,96.15830,25.83480,25.83480,32.97670,20.40740,0.06410,6.93020,1.31360,68.51230,1.81480,1.81480,1.30870,1.81480,63.16080,0.4178,0.4033
2012-06-30,8.13100,0.36000,7.77100,5.41100,,5.53700,2.23400,-2.25100,-0.01700,-0.22500,0.20800,0.20800,0.20800,2.35800,2.23400,1.38100,1.38100,0.15000,0.15000,3.64330,,,95.57250,27.47510,27.47510,-0.20910,2.55810,0.06910,9.47370,1.51730,59.31740,0.24770,0.24770,0.17680,0.24770,60.81610,1.6517,1.614
2012-03-31,8.06600,0.30600,7.76000,5.45000,,5.57600,2.18400,0.59000,2.77400,0.73000,2.04400,2.04400,2.04400,2.30900,2.18400,1.38100,1.38100,1.48000,1.48000,3.58250,,,96.20630,27.07660,27.07660,34.39130,25.34090,0.06690,9.87100,1.72870,52.06300,2.39150,2.39150,1.69470,2.39150,61.88920,2.5062,2.3715
2011-12-31,7.92000,0.35700,7.56300,5.18400,,5.30300,2.26000,0.32600,2.58600,0.88000,1.70600,1.70600,1.70600,2.37900,2.26000,1.38100,1.38100,1.24000,1.24000,3.85960,,,95.49240,28.53540,28.53540,32.65150,21.54040,0.08100,9.15380,1.21660,73.97730,2.41970,2.41970,1.74500,2.41970,51.05290,0.46340,0.38090
2011-09-30,8.14500,0.32900,7.81600,5.26000,,5.38700,2.42900,0.35400,2.78300,0.86000,1.92300,1.92300,1.92300,2.55500,2.42900,1.38100,1.38100,1.40000,1.40000,3.81110,,,95.96070,29.82200,29.82200,34.16820,23.60960,0.08970,7.47730,1.23500,72.87290,2.96400,2.96400,2.11750,2.96400,46.97970,2.1847,2.1449
2011-06-30,8.49900,0.35400,8.14500,5.41700,,5.54100,2.60400,0.31700,2.92100,1.03000,1.89100,1.89100,1.89100,2.72600,2.60400,1.38100,1.38100,1.37000,1.37000,3.38810,,,95.83480,30.63890,30.63890,34.36880,22.24970,0.08470,8.85000,1.07960,83.36040,2.73640,2.73640,1.88420,2.73640,50.04060,1.8189,1.8052
2011-03-31,8.57400,0.34200,8.23200,5.50200,,5.65000,2.58200,0.32500,2.90700,1.06500,1.84200,1.84200,1.84200,2.72500,2.58200,1.38100,1.38100,1.33000,1.33000,3.39500,,,96.01120,30.11430,30.11430,33.90480,21.48360,0.08250,10.05880,1.10960,81.10920,2.58040,2.58040,1.77150,2.58040,51.69010,3.5468,3.5257
2010-12-31,9.29500,0.35700,8.93800,5.61500,,5.75100,3.18700,0.20200,3.38900,1.20500,2.18400,2.18400,2.18400,3.31800,3.18700,1.38100,1.38100,1.58000,1.58000,3.28810,,,96.15920,34.28730,34.28730,36.46050,23.49650,0.09190,10.20000,0.81730,110.12050,3.18870,3.18870,2.15880,3.18870,49.59520,-0.07970,-0.09850
2010-09-30,9.14300,0.34700,8.79600,5.70200,,5.85700,2.93900,0.20300,3.14200,1.13000,2.01200,2.01200,2.01200,3.08900,2.93900,1.38100,1.38100,1.46000,1.46000,3.39450,,,96.20470,32.14480,32.14480,34.36510,22.00590,0.10280,11.96550,0.99280,90.64960,3.31650,3.31650,2.26270,3.31650,43.92900,1.559,1.4446
2010-06-30,9.46900,0.37200,9.09700,6.19100,,6.33400,2.76300,0.20100,2.96400,1.12000,1.84400,1.84400,1.84400,2.90000,2.76300,1.38100,1.38100,1.34000,1.34000,3.14630,,,96.07140,29.17940,29.17940,31.30220,19.47410,0.10710,9.78950,1.01490,88.67890,3.11910,3.11910,2.08530,3.11910,42.80880,2.1463,2.1158
2010-03-31,9.11000,0.35800,8.75200,6.00700,,6.17000,2.58200,0.21600,2.79800,1.07000,1.72800,1.72800,1.72800,2.74400,2.58200,1.38100,1.38100,1.25000,1.25000,3.11360,,,96.07030,28.34250,28.34250,30.71350,18.96820,0.09720,12.34480,1.06440,84.55650,2.74840,2.74840,1.84310,2.74840,43.45060,0.782,0.7495
2009-12-31,9.85800,0.40200,9.45600,6.14700,,6.29900,3.15700,0.21100,3.36800,1.28000,2.08800,2.08800,2.08800,3.31000,3.15700,1.38100,1.38100,1.51000,1.51000,3.11680,,,95.92210,32.02480,32.02480,34.16520,21.18080,0.11650,11.82350,1.17860,76.36030,3.68090,3.68090,2.46650,3.68090,39.20180,2.26430,2.26430
2009-09-30,10.10900,0.36800,9.74100,6.15300,,6.40700,3.33400,0.23100,3.56500,1.31200,2.25300,2.25300,2.25300,3.52500,3.33400,1.40900,1.40900,1.62000,1.62000,2.89610,,,96.35970,32.98050,32.98050,35.26560,22.28710,0.11930,19.36840,0.98900,90.99710,4.07270,4.07270,2.65840,4.07270,38.23010,1.8763,1.8371
2009-06-30,10.85200,0.49400,10.35800,6.60300,,6.76600,3.59200,0.19300,3.78500,1.45500,2.33000,2.33000,2.33000,3.75700,3.59200,1.40400,1.40400,1.66000,1.66000,2.77100,,,95.44780,33.09990,33.09990,34.87840,21.47070,0.14280,19.76000,0.98950,90.95370,4.74260,4.74260,3.06530,4.74260,33.95230,0.8746,0.8329
2009-03-31,9.65200,0.43200,9.22000,6.48700,,6.65200,2.56800,0.18700,2.75500,1.06000,1.69500,1.69500,1.69500,2.72100,2.56800,1.40900,1.40900,1.20000,1.20000,2.87520,,,95.52420,26.60590,26.60590,28.54330,17.56110,0.17330,17.28000,1.20080,74.95030,4.58470,4.58470,3.04300,4.58470,25.39220,3.1817,3.0937
