Date,revenue,cost-goods-sold,gross-profit,research-development-expenses,selling-general-administrative-expenses,other-operating-income-expenses,operating-expenses,operating-income,total-non-operating-income-expense,pre-tax-income,total-provision-income-taxes,income-after-taxes,income-from-continuous-operations,net-income,ebitda,ebit,basic-shares-outstanding,shares-outstanding,eps-basic-net-earnings-per-share,eps-earnings-per-share-diluted,current-ratio,long-term-debt-capital,debt-equity-ratio,gross-margin,operating-margin,ebit-margin,pre-tax-profit-margin,net-profit-margin,asset-turnover,inventory-turnover,receiveable-turnover,days-sales-in-receivables,roe,return-on-tangible-equity,roa,roi,book-value-per-share,operating-cash-flow-per-share,free-cash-flow-per-share
2024-09-30,304.80590,33.99600,270.80990,68.63600,157.11000,,224.45600,46.35390,13.38000,59.73400,0.86800,58.86600,58.86600,58.57000,70.40390,46.35400,95.54400,97.32500,0.62000,0.59000,2.85860,,,88.84670,15.20770,15.20770,19.59740,19.21550,0.09800,1.00790,0.96620,93.14730,2.36710,3.87490,1.89280,2.36710,26.07000,1.1855,1.1105
2024-06-30,288.81800,35.66300,253.15500,65.50100,146.79300,,216.37200,36.78300,13.38100,50.16400,10.50900,39.65500,39.65500,38.44400,57.16100,36.78300,95.68600,96.95900,0.40000,0.40000,4.14250,,,87.65210,12.73570,12.73570,17.36870,13.31080,0.09710,1.02730,1.01040,89.07290,1.62030,2.09330,1.33360,1.62030,25.60480,0.2172,0.1388
2024-03-31,364.52300,38.77700,325.74600,62.49300,156.78000,,216.77800,108.96800,12.78000,121.74800,23.53400,98.21400,98.21400,97.83000,128.88300,108.96800,95.71800,96.85600,1.02000,1.01000,3.50360,,,89.36230,29.89330,29.89330,33.39930,26.83780,0.11970,1.08320,1.29200,69.65760,4.02900,5.23280,3.22570,4.02900,25.43920,1.8735,1.7811
2023-12-31,315.57400,32.06000,283.51400,67.03300,144.16900,,217.29300,66.22100,14.61200,80.83300,13.25200,67.58100,67.58100,66.98100,86.28600,66.22100,95.37600,97.43900,0.70000,0.69000,3.68270,,,89.84070,20.98430,20.98430,25.61460,21.22510,0.10750,0.85340,1.07620,83.62700,2.86080,3.77130,2.30220,2.86080,24.72300,0.08630,0.02370
2023-09-30,290.56200,35.55200,255.01000,70.42600,157.48200,,258.50410,-3.49400,12.52700,9.03300,-0.87500,9.90800,9.90800,9.18600,20.08200,-3.49410,95.77100,97.73300,0.10000,0.08000,3.52370,,,87.76440,-1.20250,-1.20250,3.10880,3.16150,0.09750,0.99800,1.10800,81.22890,0.41770,0.55160,0.33250,0.41770,24.77220,0.8618,0.7786
2023-06-30,298.37000,41.51500,256.85500,68.69600,155.54800,,240.92000,15.93500,7.82200,23.75700,7.35200,16.40500,16.40500,16.39900,40.02300,15.93500,95.65800,97.45900,0.17000,0.17000,3.47340,,,86.08610,5.34070,5.34070,7.96230,5.49620,0.09920,1.28140,1.11810,80.49690,0.68850,0.92210,0.54540,0.68850,24.87470,1.2401,1.1643
2023-03-31,375.89100,41.04900,334.84200,67.95100,157.63400,,225.61800,109.22400,8.05700,117.28100,21.39800,95.88300,95.88300,95.69600,133.77100,109.22400,95.82000,97.29800,1.00000,0.98000,4.65780,,,89.07960,29.05740,29.05740,31.20080,25.45840,0.13250,1.35240,1.32680,67.83440,4.06980,5.08130,3.38080,4.06980,24.60390,1.073,0.9959
2022-12-31,334.92100,34.45000,300.47100,64.45000,142.17700,,206.38300,94.08800,5.89400,99.98200,20.53400,79.44800,79.44800,79.37500,116.53100,94.08800,95.90500,97.04700,0.83000,0.82000,4.64600,,,89.71400,28.09260,28.09260,29.85240,23.69960,0.12190,1.31940,1.15650,77.82050,3.46550,4.37190,2.89060,3.46550,23.85840,0.58110,0.50670
2022-09-30,278.20400,37.17900,241.02500,62.07000,147.26700,,213.91700,27.10800,3.86600,30.97400,3.21500,27.75900,27.75900,27.75600,50.00800,27.10800,99.99000,101.98300,0.29000,0.29000,4.72360,,,86.63600,9.74390,9.74390,11.13360,9.97690,0.10340,1.57880,1.14210,78.80320,1.23320,1.56510,1.03210,1.23320,23.47630,0.49,0.3868
2022-06-30,289.58500,35.95700,253.62800,62.85900,144.22700,,208.06200,45.56600,3.84600,49.41200,9.80200,39.61000,39.61000,39.59700,73.25700,45.56600,100.21300,101.47400,0.40000,0.39000,5.27070,,,87.58330,15.73490,15.73490,17.06300,13.67370,0.09920,1.49220,1.22590,73.41750,1.61050,2.00860,1.35650,1.61050,24.92780,1.7122,1.5991
2022-03-31,334.37100,35.51500,298.85600,67.42100,182.92300,,255.50600,43.35000,0.10100,43.45100,6.93200,36.51900,36.51900,36.72000,70.07600,43.35000,101.34300,102.70700,0.36000,0.36000,5.77160,,,89.37860,12.96460,12.96460,12.99490,10.98180,0.10920,2.13650,1.47130,61.17060,1.40180,1.73310,1.19230,1.40180,25.82540,0.6166,0.5022
2021-12-31,351.63300,32.70900,318.92400,68.82400,159.61400,,228.34300,90.58100,0.86100,91.44200,11.43200,80.01000,80.01000,80.01400,118.31300,90.58100,101.23000,103.80100,0.79000,0.77000,5.98380,,,90.69800,25.76010,25.76010,26.00500,22.75500,0.11330,2.48850,1.45630,61.79860,3.02780,3.67550,2.57690,3.02780,25.97990,0.30500,0.16580
2021-09-30,285.02490,30.69900,254.32590,61.96600,152.65900,,213.96100,40.36500,2.69300,43.05800,-1.17000,44.22800,44.22800,44.19100,69.99900,40.36500,101.19000,104.62200,0.44000,0.42000,5.57620,,,89.22940,14.16190,14.16190,15.10670,15.50430,0.09180,2.79970,1.22530,73.44900,1.69830,2.06610,1.42410,1.69830,25.76590,1.0496,0.9365
2021-06-30,286.79900,31.64400,255.15500,62.09400,136.83000,,199.06400,56.09100,3.03400,59.12500,4.56500,54.56000,54.56000,54.62100,83.95300,56.09100,101.35100,104.63300,0.54000,0.52000,5.73810,,,88.96650,19.55760,19.55760,20.61550,19.04500,0.09150,2.60590,1.04260,86.32250,2.07630,2.52570,1.74030,2.07630,25.93200,1.6464,1.5152
2021-03-31,319.55800,32.37800,287.18000,65.80800,137.44400,,203.99300,83.18700,2.18000,85.36700,9.02200,76.34500,76.34500,76.21700,113.13000,83.18700,101.46400,104.58100,0.75000,0.73000,5.66760,,,89.86790,26.03190,26.03190,26.71410,23.85080,0.10290,2.17580,1.12720,79.84610,2.94290,3.60280,2.45780,2.94290,25.60550,0.7928,0.665
2020-12-31,389.87400,35.30400,354.57000,63.77200,129.89900,13.87100,189.82300,164.74700,2.21500,166.96200,24.27200,142.69000,142.69000,135.19800,191.43800,164.74700,100.71600,103.87600,1.34000,1.30000,5.45060,,,90.94480,42.25650,42.25650,42.82460,34.67740,0.12590,1.75570,1.32630,67.85610,5.54950,6.83440,4.60760,5.54950,25.30930,0.79090,0.79900
2020-09-30,271.19100,42.46500,228.72600,61.72600,136.97700,,198.65800,30.06800,4.42400,34.49200,7.51600,26.97600,26.97600,26.82900,78.30800,30.06800,100.56400,102.94400,0.26000,0.26000,5.79240,,,84.34130,11.08740,11.08740,12.71870,9.89300,0.09300,1.66200,1.50380,59.84930,1.10630,1.38410,0.92470,1.10630,24.31190,1.0753,0.9786
2020-06-30,246.90900,29.88800,217.02100,59.58300,121.77700,,182.88200,34.13900,5.85100,39.99000,-27.38800,67.37800,67.37800,67.28500,58.03700,34.13900,100.59300,102.07500,0.67000,0.66000,5.83400,,,87.89510,13.82660,13.82660,16.19630,27.25090,0.08500,1.01900,0.99770,90.21030,2.76490,3.47110,2.32030,2.76490,24.23280,1.3221,1.1808
2020-03-31,351.81500,36.83000,314.98500,60.08600,149.28500,,209.04000,105.94500,4.83400,110.77900,22.10500,88.67400,88.67400,88.49600,126.09200,105.94500,100.85400,102.77300,0.88000,0.86000,4.75040,,,89.53140,30.11380,30.11380,31.48790,25.15410,0.11950,1.30000,1.42410,63.19760,3.74270,4.74600,3.01120,3.74270,23.54050,0.6405,0.4609
2019-12-31,291.87700,37.31500,254.56200,57.65000,147.64700,,205.97200,48.59000,5.86400,54.45400,5.86300,48.59100,48.59100,48.75300,68.98900,48.59000,100.33600,103.07800,0.49000,0.47000,4.77410,,,87.21550,16.64740,16.64740,18.65650,16.70330,0.10090,1.28210,1.52810,58.89500,2.07770,2.65920,1.67940,2.07770,23.18320,0.30230,0.07540
2019-09-30,298.82700,45.96000,252.86700,60.19100,135.16200,,201.64700,51.22000,5.03100,56.25100,12.31600,43.93500,43.93500,43.91800,73.56800,51.22000,101.62900,104.57200,0.44000,0.43000,4.50230,,,84.61990,17.14040,17.14040,18.82390,14.69680,0.10590,1.42150,1.58010,56.95720,1.89950,2.44450,1.55700,1.89950,23.09770,1.2322,1.0797
2019-06-30,302.15900,39.69000,262.46900,60.40800,137.57300,,228.21300,34.25600,7.54400,41.80000,2.16300,39.63700,39.63700,39.57400,56.25200,34.25600,101.21800,103.71700,0.39000,0.38000,4.81000,,,86.86450,11.33710,11.33710,13.83380,13.09710,0.10750,1.02010,1.30700,68.85990,1.70830,2.20810,1.41070,1.70830,23.04830,0.8893,0.6573
2019-03-31,338.25800,36.57500,301.68300,58.62500,140.11000,,198.75300,102.93000,7.07200,110.00200,36.42700,73.57500,73.57500,73.44000,123.72900,102.93000,102.14100,104.58700,0.72000,0.70000,5.25810,,,89.18730,30.42940,30.42940,32.52020,21.71120,0.11880,1.05610,1.89380,47.52450,3.12700,4.00060,2.58430,3.12700,23.15490,0.4754,0.1139
2018-12-31,302.37600,38.62900,263.74700,58.64700,136.41500,,195.07600,68.67100,5.58300,74.25400,-24.10400,98.35800,98.35800,98.21900,89.00900,68.67100,102.67700,106.13000,0.96000,0.93000,4.83330,,,87.22490,22.71050,22.71050,24.55680,32.48240,0.10710,1.39130,1.66490,54.05610,4.18730,5.36710,3.48410,4.18730,22.91640,0.53660,0.36190
2018-09-30,240.57100,31.25900,209.31200,60.50000,136.25800,,196.75800,12.55400,5.29900,17.85300,-9.00100,26.85400,26.85400,26.71600,32.86600,12.55400,103.37700,106.97800,0.26000,0.27000,5.24750,,,87.00630,5.21840,5.21840,7.42110,11.10520,0.08400,1.19280,1.44810,62.15200,1.13280,1.44490,0.93720,1.13280,22.96110,1.0439,0.8762
2018-06-30,214.78000,34.38300,180.39700,60.35700,127.72700,,188.00200,-7.60500,1.79700,-5.80800,-9.06700,3.25900,3.25900,3.11600,13.68300,-7.60500,103.83600,106.95000,0.03000,0.03000,5.15550,,,83.99150,-3.54080,-3.54080,-2.70420,1.45080,0.08040,1.43670,1.43590,62.67990,0.14900,0.19300,0.12210,0.14900,21.12140,1.3321,1.1905
2018-03-31,299.72200,31.02700,268.69500,59.49300,124.76600,,184.09200,84.60300,3.17900,87.78200,22.43200,65.35000,65.35000,65.21600,106.13500,84.60300,103.77100,107.00100,0.63000,0.61000,5.41720,,,89.64810,28.22720,28.22720,29.28780,21.75880,0.11500,1.28920,2.12180,42.41640,3.03390,3.97000,2.50710,3.03390,20.69180,0.7491,0.5656
2017-12-31,299.52700,30.89300,268.63400,56.44400,118.43400,,174.68100,93.95300,2.59400,96.54700,149.70500,-53.15800,-53.15800,-53.30200,114.57700,93.95300,102.55200,102.55200,-0.52000,-0.52000,4.63980,,,89.68610,31.36710,31.36710,32.23320,-17.79540,0.11910,1.24260,2.43680,36.93330,-2.58560,-3.43060,-2.11390,-2.58560,19.90730,0.16720,-0.02070
2017-09-30,240.77100,29.46000,211.31100,57.82200,118.78200,,189.46000,21.85100,3.14100,24.99200,-1.62700,26.61900,26.61900,26.47400,42.29700,21.85100,101.78400,103.28600,0.25000,0.27000,4.11530,,,87.76430,9.07540,9.07540,10.38000,10.99550,0.09500,1.17600,3.26470,27.56770,1.24160,1.62000,1.05070,1.24160,20.98600,0.8045,0.6237
2017-06-30,305.66500,32.12500,273.54000,59.63100,117.97700,,177.60800,95.93200,0.37100,96.30300,20.11700,76.18600,76.18600,76.04300,117.11500,95.93200,101.90500,104.22200,0.75000,0.73000,4.58440,,,89.49010,31.38470,31.38470,31.50610,24.87790,0.12360,1.61030,3.72300,24.17410,3.58970,4.71460,3.08060,3.58970,20.81600,1.3195,1.029
2017-03-31,267.47400,26.97700,240.49700,58.34100,118.87300,,177.21400,63.28300,2.91100,66.19400,15.46700,50.72700,50.72700,50.59000,86.24800,63.28300,101.78700,103.88300,0.50000,0.49000,4.09130,,,89.91420,23.65950,23.65950,24.74780,18.91400,0.11200,1.52440,3.03200,29.68300,2.48280,3.31400,2.12440,2.48280,20.07490,0.8529,0.5771
2016-12-31,266.26700,29.96700,236.30000,57.51800,112.71500,,170.23300,66.06700,1.58900,67.65600,14.08200,53.57400,53.57400,53.37400,88.53900,66.06700,101.48300,103.87600,0.53000,0.51000,3.91470,,,88.74550,24.81230,24.81230,25.40910,20.04530,0.11420,2.02850,3.27140,27.51140,2.67780,3.60360,2.29860,2.67780,19.63680,0.68080,0.46350
2016-09-30,232.99700,30.22200,202.77500,59.21400,114.48800,,173.68990,29.08510,1.72800,30.81300,6.73400,24.07900,24.07900,23.93300,50.94410,29.08510,100.71700,102.42400,0.24000,0.23000,3.56540,,,87.02900,12.48300,12.48310,13.22460,10.27180,0.10090,1.84800,3.07840,29.23610,1.21690,1.65630,1.04230,1.21690,19.50990,0.7499,0.5169
2016-06-30,277.58700,24.62100,252.96600,54.97700,116.80400,,171.77100,81.19500,0.58900,81.78400,18.01700,63.76700,63.76700,63.62800,102.73400,81.19500,100.53300,102.67700,0.63000,0.62000,4.11140,,,91.13040,29.25030,29.25030,29.46250,22.92180,0.12260,1.32770,3.02920,29.71080,3.28640,4.52750,2.81740,3.28640,19.23620,1.2209,0.9525
2016-03-31,274.34000,24.37300,249.96700,52.08800,114.29700,,167.64000,82.32700,1.49600,83.82300,16.27800,67.54500,67.54500,67.39800,104.48600,82.32700,100.45600,101.55500,0.67000,0.66000,3.96140,,,91.11580,30.00910,30.00910,30.55440,24.56730,0.12710,1.41220,2.68740,33.48940,3.64310,5.08590,3.12870,3.64310,18.53030,0.8834,0.6402
2015-12-31,240.81400,29.76600,211.04800,53.32800,118.53200,,171.86000,39.18800,0.29600,39.48400,8.47300,31.01100,31.01100,30.90100,62.60700,39.18800,100.73400,101.93100,0.31000,0.30000,3.75480,,,87.63940,16.27310,16.27310,16.39610,12.83190,0.11390,2.09080,2.67760,33.61160,1.71130,2.42340,1.46720,1.71130,17.98340,0.66120,0.42210
2015-09-30,232.74800,25.37700,207.37100,50.62100,120.65400,,171.23390,36.13710,28.06600,64.20300,17.28800,46.91500,46.91500,46.55300,56.44110,36.13700,102.35400,103.86200,0.45000,0.45000,3.91660,,,89.09680,15.52630,15.52620,27.58480,20.00150,0.10910,1.82940,2.29170,39.27280,2.58340,3.39770,2.19920,2.58340,17.97420,0.8067,0.4405
2015-06-30,231.70200,24.88000,206.82200,45.50800,116.36900,,161.87700,44.94500,2.43300,47.37800,11.52200,35.85600,35.85600,35.50600,64.54700,44.94500,102.67000,104.10500,0.35000,0.34000,4.27750,,,89.26210,19.39780,19.39780,20.44780,15.32400,0.10770,1.23970,2.22960,40.36600,1.94870,2.54330,1.66650,1.94870,17.92520,0.4595,0.0643
2015-03-31,271.95000,25.14900,246.80100,56.60100,111.59300,,168.19400,78.60700,1.27800,79.88500,21.35300,58.53200,58.53200,57.97400,98.08100,78.60700,102.50900,103.90400,0.57000,0.56000,4.25960,,,90.75230,28.90500,28.90500,29.37490,21.31790,0.12860,1.05840,2.75920,32.61840,3.25350,4.24200,2.76800,3.25350,17.55920,1.6795,1.1319
2014-12-31,234.23800,19.41000,214.82800,48.59400,112.73400,,161.28900,53.53900,0.77700,54.31600,12.37900,41.93700,41.93700,41.35700,72.45400,53.53900,102.30300,104.27500,0.40000,0.40000,4.63890,,,91.71360,22.85670,22.85670,23.18840,17.65600,0.11580,0.68610,1.99790,45.04650,2.39490,3.16010,2.07360,2.39490,17.07310,0.03300,-0.17470
2014-09-30,226.95700,12.42000,214.53700,47.08100,109.37200,,156.24310,58.29400,2.36800,60.66200,14.30000,46.36200,46.36200,45.94100,74.92300,58.29400,102.15100,103.63200,0.45000,0.45000,5.31160,,,94.52760,25.68500,25.68500,26.72840,20.24220,0.11440,1.45500,2.63390,34.17000,2.67730,3.33450,2.33680,2.67730,16.93230,0.8723,0.4698
2014-06-30,223.35000,18.86900,204.48100,46.78600,107.80700,,153.90500,50.57600,1.23800,51.81400,11.25100,40.56300,40.56300,39.77900,66.91500,50.57600,102.35000,103.94200,0.39000,0.38000,5.32990,,,91.55180,22.64430,22.64430,23.19860,17.81020,0.11520,2.05430,2.34470,38.38510,2.40560,2.99140,2.09220,2.40560,16.51470,0.8902,0.737
2014-03-31,278.59200,17.50500,261.08700,44.79800,111.28500,,156.16900,104.91800,-1.99600,102.92200,26.37300,76.54900,76.54900,75.86800,119.95100,104.91800,102.29100,103.93400,0.74000,0.73000,5.48150,,,93.71660,37.66010,37.66010,36.94360,27.23270,0.14690,1.82930,2.55250,35.25900,4.63040,5.77060,4.03620,4.63040,16.12530,0.9774,0.8923
2013-12-31,231.27700,21.38200,209.89500,44.46300,102.28700,,149.96500,59.93000,0.77100,60.70100,15.45500,45.24600,45.24600,44.51500,74.60500,59.93000,101.75000,103.19200,0.44000,0.43000,5.72420,,,90.75480,25.91270,25.91270,26.24600,19.24750,0.13100,2.59080,3.04520,29.55510,2.91950,3.67040,2.56260,2.91950,15.18920,0.74890,0.66240
2013-09-30,216.65200,23.49100,193.16100,41.44700,94.67000,,136.06100,57.10000,1.76800,58.86800,12.78400,46.08400,46.08400,45.79500,72.86300,57.10000,101.87900,102.78800,0.45000,0.45000,4.73670,,,89.15730,26.35560,26.35570,27.17170,21.13760,0.12470,2.32750,2.22300,40.48610,3.07220,3.90880,2.65160,3.07220,14.74390,0.6572,0.5713
2013-06-30,207.07400,24.34000,182.73400,42.91500,96.94100,,145.78600,36.94800,0.89900,37.84700,7.34500,30.50200,30.50200,30.21600,52.29100,36.94800,101.75100,103.03100,0.30000,0.29000,4.69340,,,88.24570,17.84290,17.84290,18.27700,14.59190,0.12420,1.90230,2.77850,32.39190,2.10380,2.70790,1.82930,2.10380,14.25160,0.8246,0.7703
2013-03-31,249.34600,23.28300,226.06300,41.94800,99.93300,,141.88100,84.18200,0.69000,84.87200,22.63300,62.23900,62.23900,61.91100,99.63200,84.18200,101.63800,102.68000,0.61000,0.60000,4.44350,,,90.66240,33.76110,33.76110,34.03780,24.82940,0.15330,1.19480,2.73400,32.91850,4.41870,5.76790,3.82650,4.41870,13.84800,0.5581,0.508
2012-12-31,236.60200,25.60500,210.99700,42.43600,101.52900,,143.96500,67.03200,2.02700,69.05900,17.58200,51.47700,51.47700,51.34900,83.95500,67.03200,102.36100,103.52300,0.50000,0.50000,4.28170,,,89.17800,28.33110,28.33110,29.18780,21.70270,0.15250,1.21800,4.56790,19.70280,3.82500,5.09110,3.31690,3.82500,13.21740,0.65010,0.58540
2012-09-30,225.75500,26.99400,198.76100,37.95800,89.27700,,127.23300,71.52800,1.42300,72.95100,20.90600,52.04500,52.04500,51.49400,88.07500,71.52800,106.92600,107.54100,0.51000,0.50000,6.18650,,,88.04280,31.68390,31.68390,32.31420,22.80970,0.11510,1.61640,5.19040,17.33980,2.98550,3.70340,2.65430,2.98550,16.90880,0.7061,-0.3715
2012-06-30,210.32200,21.03100,189.29100,35.12300,86.12800,,121.16600,68.12500,2.19600,70.32100,18.91500,51.40600,51.40600,51.52900,83.18500,68.12500,106.32800,107.20200,0.48000,0.48000,7.66890,,,90.00060,32.39080,32.39080,33.43490,24.50010,0.10770,1.64820,4.56880,19.69870,2.93570,3.55650,2.63140,2.93570,16.63860,0.9533,0.7664
2012-03-31,262.75900,23.59200,239.16700,34.23600,82.97500,,118.12100,121.04600,1.46900,122.51500,34.19800,88.31700,88.31700,88.12000,135.60600,121.04600,108.41500,109.17000,0.81000,0.81000,8.63830,,,91.02140,46.06730,46.06730,46.62640,33.53640,0.13230,1.42450,4.54900,19.78460,4.94170,5.97710,4.44830,4.94170,16.62980,1.0911,0.9305
2011-12-31,234.17800,20.41000,213.76800,32.82600,79.28100,,112.47500,101.29300,1.91100,103.20400,29.83800,73.36600,73.36600,73.15900,116.14200,101.29300,108.88400,109.44300,0.67000,0.67000,8.21380,,,91.28440,43.25470,43.25470,44.07080,31.24080,0.12080,0.60900,4.31980,20.83450,4.20660,5.12190,3.78350,4.20660,16.04470,0.87530,0.76350
2011-09-30,249.32800,25.64200,223.68600,33.10800,75.75300,,111.53000,112.15600,4.47600,116.63200,37.34400,79.28800,79.28800,79.07100,126.88800,112.15600,111.44400,112.55400,0.73000,0.72000,7.26920,,,89.71560,44.98330,44.98330,46.77850,31.71360,0.13230,0.97710,4.03350,22.31340,4.70450,5.78530,4.20760,4.70450,15.40240,0.9683,0.8218
2011-06-30,218.99900,27.93300,191.06600,34.08600,69.12300,,103.16100,87.90500,2.54600,90.45100,28.40400,62.04700,62.04700,61.74800,105.40500,87.90500,111.49400,112.34900,0.55000,0.55000,8.00720,,,87.24520,40.13950,40.13950,41.30200,28.19560,0.11960,1.19290,5.56260,16.17950,3.74710,4.65680,3.38830,3.74710,14.99490,1.1044,1.0096
2011-03-31,250.02600,28.45700,221.56900,28.39900,72.70000,,101.09900,120.47000,2.02400,122.49400,40.01200,82.48200,82.48200,82.06100,136.54600,120.47000,112.14000,113.34600,0.73000,0.72000,6.92650,,,88.61840,48.18300,48.18300,48.99250,32.82100,0.13690,0.90680,3.39450,26.51380,5.02900,6.29120,4.51720,5.02900,14.66920,0.8926,0.8241
2010-12-31,242.71200,29.13900,213.57300,28.32700,75.25900,,104.37100,109.20200,1.86400,111.06600,24.30100,86.76500,86.76500,86.38700,121.97600,109.20200,112.03500,113.71300,0.77000,0.76000,6.40240,,,87.99440,44.99240,44.99240,45.76040,35.59240,0.13790,1.04820,3.53610,25.45170,5.51990,7.00690,4.92950,5.51990,14.02810,0.62130,0.54200
2010-09-30,227.80700,26.34300,201.46400,29.41700,69.20100,,104.27300,97.19100,1.43100,98.62200,35.29500,63.32700,63.32700,65.01100,109.31700,97.19100,113.45200,115.38800,0.58000,0.58000,6.39740,,,88.43630,42.66380,42.66380,43.29190,28.53780,0.13310,0.92960,4.19870,21.43540,4.23680,5.44480,3.69950,4.23680,13.33540,0.5859,0.4957
2010-06-30,230.26900,40.05600,190.21300,27.51300,65.69200,,94.27300,95.94000,2.14200,98.08200,34.39400,63.68800,63.68800,63.45200,106.49700,95.94000,113.25400,115.28200,0.56000,0.55000,5.89830,0.00300,0.00420,82.60470,41.66430,41.66430,42.59450,27.55560,0.13520,2.35780,4.83250,18.62390,4.32340,5.56260,3.73930,4.31030,13.06780,0.6602,0.5985
2010-03-31,243.42100,29.62300,213.79800,25.24800,56.35400,,81.72000,132.07800,1.85100,133.92900,47.61000,86.31900,86.31900,85.89800,143.77600,132.07800,113.98500,115.99500,0.75000,0.74000,5.95600,0.00330,0.00440,87.83060,54.25910,54.25910,55.01950,35.28780,0.14320,2.83580,5.47910,16.42600,5.85460,7.55470,5.07920,5.83520,12.99720,0.7426,0.6798
2009-12-31,221.21600,35.79300,185.42300,22.80000,58.26600,,81.25100,104.17200,2.20700,106.37900,36.88600,69.49300,69.49300,69.08600,113.84600,104.17200,114.08500,116.13800,0.61000,0.59000,5.24620,0.00380,0.00490,83.81990,47.09060,47.09060,48.08830,31.23010,0.13200,3.77050,5.08460,17.70050,4.84830,6.33560,4.14530,4.83010,12.56870,0.84780,0.75640
2009-09-30,163.87700,17.26400,146.61300,21.71200,58.80400,,81.35100,65.26200,1.95900,67.22100,22.51800,44.70300,44.70300,44.29900,74.14000,65.26200,113.10100,115.36700,0.39000,0.39000,5.75310,0.00430,0.00550,89.46530,39.82380,39.82380,41.01920,27.03190,0.10360,1.33060,7.13100,12.62100,3.27950,4.38290,2.82700,3.26550,11.97290,0.6781,0.6368
2009-06-30,171.24400,19.75000,151.49400,20.87100,50.92600,,73.07500,78.41900,0.60000,79.01900,27.50200,51.51700,51.51700,51.14600,87.01200,78.41900,113.26100,115.52800,0.45000,0.44000,4.97640,0.00490,0.00620,88.46680,45.79370,45.79370,46.14410,29.86730,0.11350,1.97780,3.43750,26.18210,4.03530,5.45510,3.41460,4.01540,11.24200,0.5598,0.5106
2009-03-31,204.12400,31.98200,172.14200,20.30200,44.46200,,66.63000,105.51200,2.70700,108.21900,38.43000,69.78900,69.78900,69.45100,114.86900,105.51200,112.85200,115.05900,0.62000,0.60000,4.90420,0.00540,0.00670,84.33210,51.69020,51.69020,53.01630,34.02390,0.14340,2.26610,4.51150,19.94890,5.83960,7.83860,4.90130,5.80830,10.57060,1.1304,1.0996
