Date,revenue,cost-goods-sold,gross-profit,research-development-expenses,selling-general-administrative-expenses,operating-expenses,operating-income,total-non-operating-income-expense,pre-tax-income,total-provision-income-taxes,income-after-taxes,income-from-continuous-operations,net-income,ebitda,ebit,basic-shares-outstanding,shares-outstanding,eps-basic-net-earnings-per-share,eps-earnings-per-share-diluted,current-ratio,gross-margin,operating-margin,ebit-margin,pre-tax-profit-margin,net-profit-margin,asset-turnover,receiveable-turnover,days-sales-in-receivables,roe,return-on-tangible-equity,roa,roi,book-value-per-share,operating-cash-flow-per-share,free-cash-flow-per-share
2024-09-30,136.83200,13.67600,123.15600,23.24000,44.47000,70.01400,53.14200,9.02900,62.17100,18.01700,44.15400,44.15400,44.15400,54.78000,53.14200,186.25200,200.40700,0.24000,0.22000,7.23990,90.00530,38.83740,38.83740,45.43600,32.26880,0.12230,1.09650,82.08150,4.59370,5.08650,3.94760,4.59370,5.14610,0.3398,0.3321
2024-06-30,126.67600,13.55000,113.12600,22.57400,44.49900,67.07300,46.05300,7.11600,53.16900,11.79200,41.37700,41.37700,41.37700,48.98100,46.05300,185.61000,199.22400,0.22000,0.21000,6.71560,89.30340,36.35500,36.35500,41.97240,32.66360,0.11800,1.04770,85.90340,4.52910,5.04980,3.85460,4.52910,4.91950,0.20700,0.19850
2024-03-31,118.05700,12.56700,105.49000,20.14800,43.49000,63.63800,41.85200,6.10100,47.95300,7.33500,40.61800,40.61800,40.61800,45.23200,41.85200,190.17200,205.73400,0.21000,0.20000,6.19990,89.35510,35.45070,35.45070,40.61850,34.40540,0.10940,1.16510,77.24980,4.50610,5.03860,3.76310,4.50610,4.83160,0.2954,0.288
2023-12-31,135.28400,12.19000,123.09400,19.94600,44.59700,64.54300,58.55100,4.48100,63.03200,15.07600,47.95600,47.95600,47.95600,60.92500,58.55100,186.30900,200.46300,0.26000,0.24000,8.02680,90.98930,43.28010,43.28010,46.59240,35.44840,0.13520,1.38630,64.91940,5.54650,6.24190,4.79250,5.54650,4.64410,0.264,0.2568
2023-09-30,113.61200,12.75900,100.85300,19.95800,39.16700,67.06100,33.79200,5.90300,39.69500,9.09300,30.60200,30.60200,30.60200,36.96400,33.79200,193.11200,209.01400,0.16000,0.15000,7.00450,88.76970,29.74330,29.74330,34.93910,26.93550,0.11080,1.16860,77.01240,3.51160,3.95330,2.98390,3.51160,4.62270,0.066,0.0598
2023-06-30,108.46900,13.15300,95.31600,21.93100,43.70200,65.63300,29.68300,4.83900,34.52200,6.11600,28.40600,28.40600,28.40600,34.65500,29.68300,194.52100,212.35500,0.15000,0.13000,7.45820,87.87400,27.36540,27.36540,31.82660,26.18810,0.09400,1.16730,77.10020,2.86700,3.18380,2.46260,2.86700,5.09010,0.26940,0.26200
2023-03-31,110.96600,13.67700,97.28900,21.54100,42.90700,64.44800,32.84100,3.87500,36.71600,6.04800,30.66800,30.66800,30.66800,37.94800,32.84100,193.17600,213.42500,0.15000,0.15000,6.99210,87.67460,29.59560,29.59560,33.08760,27.63730,0.09760,1.03660,86.82150,3.17440,3.54000,2.69750,3.17440,4.98150,0.2145,0.2098
2022-12-31,115.26200,13.52600,101.73600,20.51900,42.73300,63.25200,38.48400,2.46100,40.94500,7.47700,33.46800,33.46800,33.46800,43.08900,38.48400,192.80500,212.06500,0.17000,0.16000,8.48590,88.26500,33.38830,33.38830,35.52340,29.03650,0.10800,1.53970,58.45450,3.59800,4.03620,3.13640,3.59800,4.81330,0.2331,0.2273
2022-09-30,102.18500,13.21000,88.97500,19.10400,37.77000,56.87400,32.10100,0.90800,33.00900,6.71000,26.29900,26.29900,26.29900,37.98000,32.10100,193.13700,213.94900,0.14000,0.12000,7.17700,87.07250,31.41460,31.41460,32.30320,25.73670,0.09940,1.28960,69.78750,2.99200,3.38560,2.55740,2.99200,4.57070,0.1857,0.1771
2022-06-30,90.63900,13.07700,77.56200,19.02200,36.85800,55.88000,21.68200,0.80400,22.48600,0.10300,22.38300,22.38300,22.38300,28.27400,21.68200,192.94700,214.95400,0.12000,0.10000,7.23910,85.57240,23.92130,23.92130,24.80830,24.69470,0.08620,1.19230,75.48510,2.48100,2.80210,2.12980,2.48100,4.66630,0.20820,0.19830
2022-03-31,93.65300,11.76500,81.88800,17.42400,36.54300,53.96700,27.92100,-0.01600,27.90500,-8.82100,36.72600,36.72600,30.78100,33.14700,27.92100,163.48400,191.01700,0.21000,0.18000,8.12470,87.43770,29.81330,29.81330,29.79620,32.86710,0.09450,1.15520,77.91070,4.18010,4.31170,3.70460,4.18010,4.56650,0.2947,0.2815
2021-12-31,97.87600,11.08500,86.79100,16.22500,34.77700,51.00200,35.78900,0.02000,35.80900,-19.83800,55.64700,55.64700,55.64700,40.16200,35.78900,188.37200,216.39600,0.30000,0.26000,9.35940,88.67450,36.56570,36.56570,36.58610,56.85460,0.10500,1.40180,64.20440,6.63370,6.86040,5.96960,6.63370,4.41330,0.1264,0.1186
2021-09-30,79.35000,8.95100,70.39900,15.46000,29.98800,45.44800,24.95100,0.42000,25.37100,-10.71700,36.08800,36.08800,36.08800,29.82500,24.95100,186.17100,216.67200,0.19000,0.17000,8.67570,88.71960,31.44420,31.44420,31.97350,45.47950,0.09130,1.42510,63.15430,4.67120,4.84680,4.15160,4.67120,4.13200,-0.0472,-0.0489
2021-06-30,72.66900,7.98600,64.68300,13.24100,26.56700,39.80800,24.87500,0.04500,24.92000,-1.40200,26.32200,26.32200,10.74100,29.52900,24.87500,87.59900,114.92000,0.12000,0.09000,7.89160,89.01040,34.23060,34.23060,34.29250,14.78070,0.08750,1.58010,56.95830,3.61340,3.75920,3.17060,3.61340,3.93320,0.28870,0.28160
2021-03-31,66.68700,7.99300,58.69400,23.96400,23.28900,47.25300,11.44100,0.03800,22.88500,1.40200,21.48300,21.48300,21.48300,16.32700,11.44100,74.34200,95.13400,0.20000,0.16000,2.05210,164.24640,17.15630,17.15630,34.31700,32.21470,0.26490,1.32530,67.90990,32.18760,17.94890,8.53450,14.49590,1.78750,0.4176,0.4061
2020-12-31,58.70900,7.87200,50.83700,11.40600,21.49500,32.90100,17.93600,4.60100,22.53700,5.30600,17.23100,17.23100,5.40000,20.55200,17.93600,77.76600,99.92300,0.07000,0.05000,2.05210,86.59150,30.55070,30.55070,38.38760,9.19790,0.23320,1.16670,77.13830,25.81690,45.06960,6.84530,25.81690,,0.2209,0.2124
2020-09-30,45.11300,7.45600,37.65700,9.86600,17.35400,27.22000,10.43700,-0.02000,10.41700,0.38000,10.03700,10.03700,1.68300,12.96700,10.43700,70.59100,91.83000,0.02000,0.02000,,83.47260,23.13520,23.13520,23.09090,3.73060,,,,,,,,,0.1308,0.1161
2020-06-30,36.38800,7.87500,28.51300,10.04300,16.38700,26.43000,2.08300,-0.15300,1.93000,0.47100,1.45900,1.45900,,4.40300,2.08300,69.37400,85.15600,,0.00000,,78.35830,5.72440,5.72440,5.30390,,,,,,,,,,0.10290,0.08910
2020-03-31,,,,,,,,,,,,,,,,,,,0.00000,,,,,,,,,,,,,,,0,0
2019-03-31,,,,,,,,,,,,,,,,,,,0.00000,,,,,,,,,,,,,,,0,0
