Date,revenue,cost-goods-sold,gross-profit,selling-general-administrative-expenses,other-operating-income-expenses,operating-expenses,operating-income,total-non-operating-income-expense,pre-tax-income,total-provision-income-taxes,income-after-taxes,income-from-continuous-operations,net-income,ebitda,ebit,basic-shares-outstanding,shares-outstanding,eps-basic-net-earnings-per-share,eps-earnings-per-share-diluted,current-ratio,long-term-debt-capital,debt-equity-ratio,gross-margin,operating-margin,ebit-margin,pre-tax-profit-margin,net-profit-margin,asset-turnover,inventory-turnover,receiveable-turnover,days-sales-in-receivables,roe,return-on-tangible-equity,roa,roi,book-value-per-share,operating-cash-flow-per-share,free-cash-flow-per-share
2024-09-30,591.67900,334.06800,257.61100,149.76600,-25.58700,218.10390,39.50710,-44.64700,-5.14000,9.80700,-14.94700,-14.94700,-14.94700,86.19310,39.50710,159.80400,159.80400,-0.09000,-0.09000,1.89800,0.73950,2.87230,43.53900,6.67710,6.67710,-0.86870,-2.52620,0.10270,4.78220,3.10890,28.94890,-1.55240,1.30890,-0.25950,-0.40450,5.86670,0.6378,1.1326
2024-06-30,611.56600,351.59500,259.97100,121.12300,-13.43700,179.46400,80.50700,-32.47700,48.03000,17.87100,30.15900,30.15900,30.15900,130.53300,80.50700,159.79500,160.76500,0.18000,0.18000,2.10920,0.75180,3.06450,42.50910,13.16410,13.16410,7.85360,4.93140,0.10500,4.98530,2.92310,30.78950,3.19890,-2.49150,0.51760,0.79390,5.74580,0.2916,0.2528
2024-03-31,572.22600,331.69400,240.53200,116.40200,-20.58900,182.01400,58.51800,-48.09300,10.42500,6.16400,4.26100,4.26100,4.26100,103.70100,58.51800,159.63100,160.60400,0.03000,0.03000,1.85810,0.76210,3.24000,42.03440,10.22640,10.22640,1.82180,0.74460,0.09710,4.00230,3.30140,27.26130,0.46990,-0.33870,0.07230,0.11180,5.52670,0.37540,0.14620
2023-12-31,553.67710,327.71490,225.96220,110.95700,-17.51000,180.41730,45.54490,-40.81100,4.73400,17.88300,-13.14890,-13.14890,-13.14900,94.61390,45.54490,161.91700,161.91700,-0.09000,-0.09000,1.92220,0.76250,3.24630,40.81120,8.22590,8.22590,0.85500,-2.37490,0.09370,3.94030,3.31170,27.17620,-1.45020,1.02040,-0.22250,-0.34440,5.53000,0.1468,-0.521
2023-09-30,581.03400,353.99200,227.04200,123.01200,-112.61100,1133.89900,-906.85690,-44.27200,-951.12900,-151.81800,-799.31100,-799.31100,-799.31100,-7.31290,-906.85690,162.39800,162.39800,-4.82000,-4.83000,1.80460,0.76560,3.30210,39.07550,-156.07640,-156.07640,-163.69590,-137.56700,0.09870,4.24330,3.13710,28.68900,-90.73520,61.74290,-13.57570,-21.26970,5.37280,0.619,-0.4188
2023-06-30,606.85100,355.85300,250.99800,96.81500,-7.42100,153.40500,97.59300,-39.56900,58.02400,20.27500,37.74900,37.74900,37.74900,145.50500,97.59300,162.91100,166.88800,0.23000,0.22000,1.18330,0.61400,1.60880,41.36070,16.08190,16.08190,9.56150,6.22050,0.08870,4.28550,2.82620,31.84450,2.16000,-2.88540,0.55160,0.83380,10.44210,0.4661,-0.4368
2023-03-31,562.46700,331.71600,230.75100,112.32800,-1.19200,153.56500,77.18600,-36.46600,40.72000,10.97100,29.74900,29.74900,29.74900,117.23400,77.18600,162.78400,166.87400,0.18000,0.17000,1.14220,0.62370,1.67730,41.02480,13.72280,13.72280,7.23950,5.28900,0.08390,4.26110,2.45260,36.69590,1.75090,-2.20280,0.44360,0.65880,10.13990,0.22050,-0.79320
2022-12-31,539.65300,314.48210,225.17080,110.82100,-3.69800,159.36990,65.80090,-21.82800,43.97300,16.57500,27.39800,27.39800,27.39800,106.97190,65.80090,162.76200,166.74300,0.16000,0.16000,1.13060,0.62060,1.65600,41.72510,12.19320,12.19320,8.14840,5.07700,0.08300,4.36540,2.76800,32.51470,1.65690,-1.97190,0.42150,0.62860,9.87770,0.1776,-0.6702
2022-09-30,516.59400,295.87600,220.71800,82.46000,-3.64700,124.95000,95.76800,-42.90500,52.86300,14.47200,38.39100,38.39100,38.39100,134.52800,95.76800,162.76000,166.83100,0.23000,0.23000,1.11300,0.62930,1.71270,42.72560,18.53830,18.53830,10.23300,7.43160,0.08440,4.72880,3.20340,28.09510,2.45320,-3.10710,0.62700,0.90940,9.31520,0.5418,-0.175
2022-06-30,508.62400,279.67300,228.95100,97.97700,-125.23400,264.63600,-35.68500,-40.20700,-75.89200,-18.84800,-57.04400,-57.04400,-57.04400,4.74300,-35.68500,162.78100,162.78100,-0.34000,-0.34000,1.13530,0.60890,1.57160,45.01380,-7.01600,-7.01600,-14.92100,-11.21540,0.08600,5.26450,2.77530,32.42940,-3.60250,4.53450,-0.96470,-1.40910,9.42540,0.4089,-0.0922
2022-03-31,468.32300,263.63800,204.68500,92.22000,-1.40400,130.96500,73.72000,-26.32400,47.39600,12.96800,34.42800,34.42800,34.44300,108.96700,73.72000,162.76200,166.74800,0.21000,0.20000,1.26960,0.58420,1.41870,43.70600,15.74130,15.74130,10.12040,7.35450,0.07970,5.39320,3.37220,26.68910,2.05110,-2.80160,0.58570,0.85280,10.05090,0.05420,-0.34510
2021-12-31,391.88410,223.19290,168.69110,73.71300,-1.23300,168.71600,-0.02490,-37.85000,-37.87500,0.91100,-38.78600,-38.78600,-38.75700,35.89310,-0.02500,160.68400,164.64400,-0.22000,-0.21000,1.60940,0.58890,1.44800,43.04620,-0.00630,-0.00640,-9.66480,-9.88990,0.06690,4.74980,3.14090,28.65470,-2.35750,3.58690,-0.66220,-0.96930,9.82940,0.5345,0.0932
2021-09-30,371.14800,206.37600,164.77200,71.56500,-0.39600,101.04400,63.72800,-18.76200,44.96600,11.88000,33.08600,33.08600,33.12400,93.69500,63.72800,162.63500,166.63000,0.20000,0.19000,1.00700,0.50030,1.01200,44.39520,17.17050,17.17050,12.11540,8.92470,0.07410,4.66290,3.26930,27.52900,1.97470,-3.47450,0.66090,0.98680,10.03290,0.4406,0.1637
2021-06-30,374.82800,203.85800,170.97000,77.93500,-2.58300,107.33000,63.64000,-11.46100,52.17900,17.01100,35.16800,35.16800,35.20400,91.54300,63.64000,162.62600,166.51200,0.21000,0.21000,1.10490,0.47360,0.91020,45.61290,16.97850,16.97850,13.92080,9.39200,0.07780,4.86550,3.47440,25.90400,2.10340,-3.80750,0.72970,1.10730,10.01160,0.5383,0.4169
2021-03-31,329.42000,183.60800,145.81200,69.05000,-1.54200,96.09000,49.72200,-74.10000,-24.37800,-4.44600,-19.93200,-19.93200,-19.93900,75.71300,49.72200,154.82700,154.82700,-0.13000,-0.13000,1.38360,0.46780,0.88960,44.26330,15.09380,15.09380,-7.40030,-6.05280,0.07090,4.27860,3.09980,29.03430,-1.22640,2.16100,-0.42870,-0.65260,9.73240,0.21050,0.08900
2020-12-31,288.50800,169.40400,119.10400,69.98200,-2.41700,99.44000,19.66400,-21.87200,-2.20800,5.26300,-7.47100,-7.48800,-7.48800,52.83600,19.66400,127.25600,127.25600,-0.06000,-0.06000,1.22340,0.65520,1.92090,41.28270,6.81580,6.81580,-0.76530,-2.59540,0.06200,3.93610,3.28370,27.40790,-0.67680,0.51630,-0.16090,-0.23340,6.60870,0.0664,-0.0322
2020-09-30,267.76200,144.40300,123.35900,56.58600,-0.44000,85.32300,38.03600,-28.03700,9.99900,5.88800,4.11100,4.11100,4.07900,58.86000,38.03600,111.95000,111.95000,0.04000,0.04000,,,,46.07040,14.20520,14.20520,3.73430,1.52340,,,,,,,,,,0.4413,0.4076
2020-06-30,167.82300,87.28700,80.53600,45.45600,-4.12600,59.23400,21.30200,-16.66900,4.63300,1.54200,3.09100,3.09100,3.05800,31.37100,21.30200,88.99000,88.99000,0.03000,0.03000,,,,47.98870,12.69310,12.69310,2.76060,1.82220,,,,,,,,,,0.0862,-0.0121
2020-03-31,180.10700,101.23400,78.87300,51.06500,-4.08700,63.14600,15.72700,-20.99500,-5.26800,-1.32100,-3.94700,-3.94700,-3.84800,24.66600,15.72700,88.99000,88.99000,-0.04000,-0.04000,,,,43.79230,8.73200,8.73200,-2.92490,-2.13650,,,,,,,,,,0.06610,-0.11560
2019-12-31,,,,,,,,,,,,,,,,,,,0.00000,,,,,,,,,,,,,,,,,,0,0
2018-12-31,,,,,,,,,,,,,,,,,,,0.00000,,,,,,,,,,,,,,,,,,0,0
