Date,revenue,cost-goods-sold,gross-profit,research-development-expenses,selling-general-administrative-expenses,other-operating-income-expenses,operating-expenses,operating-income,total-non-operating-income-expense,pre-tax-income,total-provision-income-taxes,income-after-taxes,income-from-continuous-operations,income-from-discontinued-operations,net-income,ebitda,ebit,basic-shares-outstanding,shares-outstanding,eps-basic-net-earnings-per-share,eps-earnings-per-share-diluted,current-ratio,long-term-debt-capital,debt-equity-ratio,gross-margin,operating-margin,ebit-margin,pre-tax-profit-margin,net-profit-margin,asset-turnover,inventory-turnover,receiveable-turnover,days-sales-in-receivables,roe,return-on-tangible-equity,roa,roi,book-value-per-share,operating-cash-flow-per-share,free-cash-flow-per-share
2024-09-30,5.59900,6.60300,-1.00400,,3.66700,,3.66700,-4.67100,-1.03000,-5.70100,,-5.70100,-5.70100,,-5.28300,-4.11500,-4.67100,7.06700,7.06700,-0.75000,-0.75000,1.16460,0.09650,0.82260,-17.93180,-83.42560,-83.42560,-101.82180,-94.35610,0.03920,1.99670,2.11040,42.64510,-8.18180,-24.15370,-3.99630,-7.39220,9.85980,-0.5104,-0.5104
2024-06-30,4.21100,5.67300,-1.46200,,3.47300,,3.47300,-4.93500,-0.20700,-5.14200,-0.18800,-4.95400,-4.95400,,-4.68300,-4.38100,-4.93500,7.06700,7.06700,-0.66000,-0.66000,1.17400,0.08770,0.76770,-34.71860,-117.19310,-117.19310,-122.10880,-111.20870,0.02920,1.58820,1.66380,54.09400,-6.77240,-18.51820,-3.42960,-6.17870,10.35090,-0.4845,0.2392
2024-03-31,3.87100,4.99000,-1.11900,,3.56100,,3.56100,-4.68000,-0.40400,-5.08400,0.02500,-5.10900,-5.10900,,-4.07200,-4.09800,-4.68000,7.06700,7.06700,-0.58000,-0.58000,1.28380,0.08700,0.70470,-28.90730,-120.89900,-120.89900,-131.33560,-105.19250,0.02610,1.37580,1.35210,66.56420,-6.55300,-16.35250,-3.44040,-5.98280,11.03210,-0.30420,-0.30470
2023-12-31,2.59200,5.95300,-3.36100,,-0.69400,,-0.69400,-2.66700,-18.33500,-21.00200,,-21.00600,-21.00600,,-10.32700,-1.61100,-2.66700,6.99600,6.99600,-1.48000,-1.48000,1.34210,0.08220,0.66370,-129.66820,-102.89360,-102.89350,-810.26250,-398.41820,0.01690,2.11170,0.64900,138.68060,-25.24330,-58.09340,-13.71220,-23.16880,11.77500,0.2558,0.2406
2023-09-30,4.18200,6.07200,-1.89000,,3.21300,,3.21300,-5.10300,-1.57800,-6.68100,,-6.68100,-6.68100,,-4.34200,-3.60000,-5.10300,7.01300,7.01300,-0.62000,-0.62000,0.45640,0.10370,0.48080,-45.19370,-122.02290,-122.02290,-159.75610,-103.82590,0.02130,1.54500,1.33350,67.48920,-5.22990,-16.04200,-3.39910,-4.68730,18.21520,-0.1858,-0.2119
2023-06-30,7.23300,4.83200,2.40100,,8.85100,,8.85100,-6.45000,-31.27300,-37.72300,,-37.72300,-37.72300,,-37.92300,-5.13600,-6.45000,7.00700,7.00700,-5.41000,-5.41000,0.53690,0.09640,0.46250,33.19510,-89.17460,-89.17460,-521.54020,-524.30530,0.03530,0.91170,2.93070,30.70930,-28.06170,-78.52250,-18.41400,-25.35710,19.16800,-0.7709,-0.7301
2023-03-31,11.92600,8.53300,3.39300,,8.97300,,8.97300,-5.58000,-3.05300,-8.63300,,-8.63300,-8.63300,,-8.03500,-4.24700,-5.58000,6.95100,6.95100,-1.16000,-1.16000,0.64160,0.03760,0.36850,28.45040,-46.78850,-46.78850,-72.38810,-67.37380,0.05260,1.17500,1.70490,52.78800,-5.83120,-15.11940,-3.80730,-5.61220,21.29930,-2.04270,-2.12360
2022-12-31,-7.55400,4.51100,-12.06500,,-15.33600,,-15.33600,3.27100,-6.84500,-3.57400,,-3.74600,-3.74600,,-26.92500,6.09300,3.27100,5.58100,5.58100,-4.72000,-4.72000,0.65130,0.10090,0.41320,159.71670,-43.30160,-43.30160,47.31270,356.43370,-0.03030,0.90350,-1.30850,-68.78080,-2.39080,-5.71010,-1.50490,-2.14960,22.54080,-1.3821,-1.5382
2022-09-30,11.86200,11.93300,-0.07100,,14.67700,,14.67700,-14.74800,-10.05400,-24.80200,,-24.80200,-24.80200,,-20.21500,-11.82200,-14.74800,6.74470,6.74470,-3.00000,-3.00000,2.36180,0.21550,0.31120,-0.59850,-124.32980,-124.32980,-209.08780,-170.41810,0.04480,1.37750,1.31960,68.20180,-13.57910,-26.34310,-9.36350,-10.65320,26.27720,4.548,4.1135
2022-06-30,11.77100,7.67000,4.10100,,15.28300,,15.28300,-11.18200,5.77200,-5.41000,,-5.41000,-5.41000,,-4.65200,-8.02300,-11.18200,1.74440,1.74440,-1.00000,-1.00000,1.21230,0.09270,0.34600,34.83990,-94.99620,-94.99620,-45.96040,-39.52090,0.04160,0.83990,1.91930,46.89240,-2.82410,-5.35250,-1.91200,-2.56240,38.28200,-6.5608,-6.3353
2022-03-31,12.30400,8.87800,3.42600,,10.74500,,10.74500,-7.31900,-1.63200,-8.95100,,-8.95100,-8.95100,,-8.04800,-4.05300,-7.31900,4.23140,4.23140,-2.00000,-2.00000,2.92780,0.23440,0.34130,27.84460,-59.48470,-59.48470,-72.74870,-65.40960,0.04370,0.90800,2.01610,44.64160,-4.61260,-8.84660,-3.17570,-3.53160,45.86130,-1.43450,-1.14860
2021-12-31,7.05500,6.90000,0.15500,,8.20500,,7.69100,-7.53600,-6.88400,-14.42300,0.28400,-14.70700,-14.70700,0.00000,-14.12200,-5.28900,-7.53600,2.57630,2.57630,1.20000,1.20000,2.88750,0.21940,0.30280,2.19700,-106.81790,-106.81790,-204.43660,-200.17010,0.02500,0.83530,1.24360,72.37000,-7.42080,-14.28570,-5.20220,-5.79250,49.70410,3.638,-18.573
2021-09-30,4.56600,3.40600,1.16000,,6.70500,,6.70500,-5.54500,-2.75400,-8.29900,-1.62400,-6.67500,-6.67500,,-6.59800,-3.10700,-5.54500,1.74440,1.74440,-3.80000,-3.80000,7.73500,0.03240,0.03590,25.40520,-121.44110,-121.44110,-181.75650,-144.50290,0.02080,0.96350,1.64600,54.67810,-3.34940,-5.05250,-3.04690,-3.24100,49.98170,-1.2612,-2.1515
2021-06-30,4.18500,3.23100,0.95400,,8.00900,,8.00900,-7.05500,-5.52400,-12.57900,-1.85400,-10.72500,-10.72500,2.07900,-8.41800,-7.93200,-7.05500,1.74440,1.74440,-6.00000,-6.00000,7.93020,0.04190,0.04780,22.79570,-168.57830,-168.57830,-300.57350,-201.14700,0.02190,1.00340,1.29850,69.31180,-6.28340,-8.89730,-5.61050,-6.02000,50.50690,2.3905,1.3014
2021-03-31,4.46900,3.28700,1.18200,,4.06000,,4.57400,-3.39200,-1.50800,-4.90000,-0.83800,-4.06200,-4.06200,0.05000,-3.98100,-2.87800,-3.39200,0.97170,0.97170,-4.20000,-4.20000,13.79590,0.01230,0.01620,26.44890,-75.90070,-75.90070,-109.64420,-89.08030,0.03130,1.28600,1.17420,76.64800,-3.04010,-4.85440,-2.84450,-3.00270,96.57820,-8.26530,-11.66370
2020-12-31,4.68100,4.07300,0.60800,,7.03500,,7.28300,-6.67500,3.39700,-3.27800,,-1.50400,-1.50400,0.85300,-0.47800,-6.41900,-6.67500,0.17740,0.30100,20.78000,25.52000,1.40330,0.02520,0.02940,12.98870,-142.59770,-142.59770,-70.02780,-10.21150,0.05090,2.08340,1.30430,69.00450,-1.96490,-5.73460,-1.63620,-1.91540,262.32010,-15.4059,-16.2189
2020-09-30,3.68600,2.56600,1.12000,,3.44900,,3.69300,-2.57300,7.75500,5.18200,,5.18200,5.18200,-0.24000,5.06800,-2.33400,-2.57300,0.22910,0.39030,22.12000,12.98000,3.97450,0.03990,0.04510,30.38520,-69.80470,-69.80470,140.58600,137.49320,0.04500,1.07100,1.42370,63.21490,7.06820,16.15790,6.32010,6.78630,283.39780,6.7354,7.2426
2020-06-30,2.77800,1.72900,1.04900,,2.03900,,2.31200,-1.26300,0.56500,-0.69800,,-0.69800,-0.69800,-0.20800,-0.79200,-0.99300,-1.26300,0.10520,0.10520,-7.60000,-7.60000,4.29010,0.14510,0.19100,37.76100,-45.46440,-45.46440,-25.12600,-28.50970,0.10130,0.97460,1.13620,79.21170,-3.49630,-4.14290,-2.54620,-2.98900,133.31550,-6.4772,-6.3544
2020-03-31,4.22100,2.64100,1.58000,,2.19400,,2.49700,-0.91700,-0.00300,-0.92000,,-0.92000,-0.92000,-1.04600,-1.89900,-0.61400,-0.91700,0.07700,0.07700,-24.60000,-24.60000,2.31920,0.14410,0.25180,37.43190,-21.72470,-21.72470,-21.79580,-44.98930,0.18930,1.51520,1.17840,76.37530,-6.38090,-7.77490,-4.12500,-5.46160,139.37170,-7.55040,-8.43400
2019-12-31,4.64000,3.01200,1.62800,,1.67400,,1.94000,-0.31200,-0.00300,-0.31500,,-0.19000,-0.19000,0.03400,-0.15600,-0.00300,-0.31200,0.04250,0.04250,6.86000,6.86000,1.79880,0.15810,0.26420,35.08620,-6.72410,-6.72410,-6.78880,-3.36210,0.23030,2.20500,1.10160,81.69830,-1.54430,-2.13150,-0.94310,-1.30020,204.02990,-53.8033,-61.0544
2019-09-30,2.61700,1.78600,0.83100,,1.71300,,2.01100,-1.18000,-0.04200,-1.22200,,-1.22200,-1.22200,-0.02900,-1.25100,-0.88300,-1.18000,0.04010,0.04010,-31.24000,-31.24000,2.10190,0.17920,0.26160,31.75390,-45.08980,-45.08980,-46.69470,-47.80280,0.14110,1.08120,1.23000,73.17370,-11.29910,-16.71020,-6.58760,-9.27390,215.21840,-24.5856,-37.015
2019-06-30,3.48400,2.38400,1.10000,,1.51000,,1.80300,-0.70300,-0.02900,-0.73200,,-0.73200,-0.73200,-0.29900,-1.03100,-0.45100,-0.70300,0.03650,0.03650,-28.20000,-28.20000,2.08580,0.14430,0.19850,31.57290,-20.17800,-20.17800,-21.01030,-29.59240,0.17710,1.87410,1.35870,66.23880,-6.27740,-9.10340,-3.72190,-5.37180,239.82210,-19.8031,-15.1684
2019-03-31,4.80900,3.16000,1.64900,,1.77700,,2.07100,-0.42200,-0.02900,-0.45100,,-0.45100,-0.45100,,-0.45100,-0.12700,-0.42200,0.02920,0.02920,-15.40000,-15.40000,1.09370,0.17740,0.30530,34.28990,-8.77520,-8.77520,-9.37820,-9.37820,0.29740,2.34830,1.92680,46.70920,-5.78810,-11.14590,-2.78920,-4.76140,259.94320,-30.04330,-37.27980
2018-12-31,5.95620,3.96370,1.99250,,1.89310,,2.17190,-0.17940,-0.19830,-0.37770,,-0.39430,-0.39430,,-0.39430,0.10560,-0.17940,0.02780,0.02820,-18.01800,-18.01800,1.20130,0.18520,0.32150,33.45300,-3.01230,-3.01220,-6.34200,-6.62050,0.38980,2.53500,2.68550,33.51290,-5.20610,-9.30170,-2.58070,-4.24180,261.05520,5.5498,-11.1952
2018-09-30,4.09430,2.55180,1.54250,,1.61080,,1.92110,-0.37870,-0.03340,-0.41210,,-0.41210,-0.41210,,-0.41210,-0.06220,-0.37870,0.02790,0.02790,-12.01200,-12.01200,1.15010,0.15550,0.29240,37.67460,-9.24830,-9.24830,-10.06440,-10.06440,0.27600,1.31360,2.13510,42.15180,-5.60090,-10.14650,-2.77760,-4.73020,262.80010,-38.565,-46.3095
2018-06-30,4.08710,2.75640,1.33060,,1.80210,,2.14900,-0.81830,3.49580,2.67750,,2.67750,2.67750,,2.67750,-0.46530,-0.81830,0.02760,0.02800,96.09610,96.09610,1.31350,0.18040,0.30390,32.55670,-20.02170,-20.02170,65.51060,65.51060,0.26990,2.02420,2.14340,41.98900,35.92340,60.93580,17.68180,29.44240,269.68050,-12.6604,-18.9553
2018-03-31,4.37760,2.58160,1.79590,,1.78260,,2.12830,-0.33230,-0.07380,-0.40610,,-0.40610,-0.40610,,-0.40610,0.04110,-0.33230,0.02760,0.02760,-12.01200,-12.01200,0.86730,0.26160,1.31930,41.02610,-7.59090,-7.59090,-9.27670,-9.27670,0.25780,1.61400,2.18920,41.11050,-8.66990,-34.90480,-2.39120,-6.40200,169.47750,-3.38140,-8.19140
2017-12-31,5.83240,3.62870,2.20370,,1.62990,,2.00200,0.20170,-0.08940,0.11230,-0.03520,0.14750,0.14750,,0.14750,0.61460,0.20170,0.02400,0.02400,6.00600,6.00600,0.90290,0.26600,1.32610,37.78320,3.45820,3.45820,1.92530,2.52830,0.33460,2.19760,2.87980,31.25210,3.08120,13.26670,0.84600,2.26170,173.16640,-1.7697,-23.0063
2017-09-30,4.19870,2.40090,1.79780,,1.61910,,1.97110,-0.17330,-0.09900,-0.27230,0.00470,-0.27710,-0.27710,,-0.27710,0.21960,-0.17330,0.02350,0.02350,-12.01200,-12.01200,0.85450,0.28150,1.45540,42.81830,-4.12750,-4.12750,-6.48580,-6.59850,0.24080,1.25500,2.33390,38.56210,-6.75240,-105.59580,-1.58900,-4.85140,154.60620,-16.7134,-19.3056
2017-06-30,3.86020,2.19090,1.66930,,1.49010,,1.83710,-0.16780,-0.09190,-0.25980,0.00470,-0.26450,-0.26450,,-0.26450,0.21630,-0.16780,0.02270,0.02270,-12.01200,-12.01200,0.81050,0.36120,1.99880,43.24330,-4.34810,-4.34810,-6.73000,-6.85270,0.22950,1.43770,2.05950,43.70100,-8.64320,27.85210,-1.57290,-5.52150,134.27950,-13.7364,-26.9135
2017-03-31,4.77060,2.78840,1.98220,,1.72590,,2.06860,-0.08640,-0.09290,-0.17930,0.00470,-0.18400,-0.18400,,-0.18400,0.29160,-0.08640,0.02270,0.02270,-6.00600,-6.00600,0.83800,0.33750,1.94450,41.55130,-1.81140,-1.81140,-3.75850,-3.85780,0.27120,2.31680,2.35590,38.20230,-5.67890,19.50540,-1.04620,-3.76220,142.56260,-21.45870,-24.37710
2016-12-31,5.78660,3.30940,2.47720,,2.06870,,2.41120,0.06610,-0.05100,0.01510,-0.00350,0.01860,0.01860,,0.01860,0.41400,0.06610,0.02180,0.02180,0.00000,0.00000,1.23310,0.61520,1.96460,42.80960,1.14180,1.14190,0.26100,0.32110,0.31340,2.74330,3.06010,29.41050,0.56580,-1.74440,0.10060,0.21770,146.07370,233.4801,229.9909
2016-09-30,4.97950,2.87450,2.10500,,1.71010,,2.05930,0.04570,-0.06770,-0.02200,0.00470,-0.02670,-0.02670,,-0.02670,0.40020,0.04570,0.02160,0.02160,0.00000,0.00000,0.51770,0.40520,2.37870,42.27300,0.91850,0.91850,-0.44180,-0.53700,0.35940,2.41890,2.39640,37.55690,-0.96050,1.54130,-0.19300,-0.57130,128.83360,20.8433,17.8827
2016-06-30,4.07250,2.33020,1.74230,,1.63750,,1.97730,-0.23500,-0.07810,-0.31310,0.00470,-0.31780,-0.31780,,-0.31780,0.11000,-0.23500,0.02160,0.02160,-12.01200,-12.01200,0.50900,0.41950,2.47590,42.78170,-5.77050,-5.77050,-7.68790,-7.80420,0.28850,2.00340,1.92210,46.82480,-11.36050,16.85120,-2.25150,-6.59440,129.48170,0.0957,-3.4577
2016-03-31,4.33900,2.60570,1.73330,,1.90970,,2.27020,-0.53690,-0.08240,-0.61930,0.00470,-0.62400,-0.62400,,-0.62400,-0.17110,-0.53690,0.02160,0.02160,-30.03000,-30.03000,0.53020,0.47120,2.44330,39.94770,-12.37320,-12.37320,-14.27260,-14.38180,0.29020,2.63140,2.26700,39.70030,-20.06080,27.88740,-4.17360,-10.60750,144.03940,-3.17960,-5.57950
2015-12-31,5.45950,3.45940,2.00010,,2.20040,,12.67720,-10.67710,-0.07390,-10.75110,0.00800,-10.75900,-10.75900,,-10.75900,-10.29310,-10.67710,0.01990,0.01990,-534.53450,-534.53450,0.53790,0.37800,2.10940,36.63510,-195.57050,-195.57050,-196.92450,-197.07060,0.34990,3.68870,2.60290,34.57630,-291.78860,603.21440,-68.96450,-181.49920,170.74630,10.7581,8.8899
2015-09-30,4.42000,2.55600,1.86390,,2.22630,,2.63110,-0.76720,-0.08860,-0.85570,0.00470,-0.86040,-0.86040,,-0.86040,-0.36240,-0.76720,0.01950,0.01950,-42.04200,-42.04200,1.07660,0.32260,0.57090,42.17090,-17.35640,-17.35640,-19.35980,-19.46700,0.16760,2.06160,2.15430,41.77770,-6.12520,70.75060,-3.26350,-4.14930,666.67540,-11.7556,-14.8803
2015-06-30,4.19610,2.66340,1.53270,,2.23670,,2.62720,-1.09450,0.05600,-1.03860,0.00470,-1.04330,-1.04330,,-1.04330,-0.70930,-1.09450,0.01930,0.01930,-48.04800,-48.04800,0.97950,0.32900,0.60260,36.52730,-26.08430,-26.08430,-24.75090,-24.86380,0.16170,2.37710,2.51640,35.76600,-7.53230,63.60890,-4.02040,-5.05410,718.66840,-20.6467,-19.7841
2015-03-31,3.42950,1.98630,1.44320,,2.60810,,2.98770,-1.54450,-0.09750,-1.64200,0.00470,-1.64670,-1.64670,,-1.64670,-1.15960,-1.54450,0.01920,0.01920,-96.09610,-96.09610,1.34650,0.33340,0.54880,42.08240,-45.03470,-45.03470,-47.87700,-48.01510,0.13090,1.85320,2.37220,37.93990,-11.31160,142.46960,-6.28280,-7.54050,755.32330,-27.48180,-28.92570
2014-12-31,4.81210,3.18380,1.62830,,2.61760,-25.28530,29.25400,-27.62570,-0.06220,-27.68790,0.00150,-27.68940,-27.68940,,-27.68940,-26.28190,-27.62570,0.01750,0.01750,-1585.58500,-1585.58500,1.60770,0.31930,0.51680,33.83780,-574.09070,-574.09070,-575.38370,-575.41420,0.17340,3.66260,2.29400,39.23260,-174.63260,28026.60000,-99.78120,-118.86500,825.00230,-46.4136,-47.7713
2014-09-30,4.96430,3.11110,1.85320,,2.46190,-11.74950,15.53290,-13.67970,-0.08880,-13.76860,-0.99960,-12.76900,-12.76900,,-8.06900,-12.32820,-13.67970,0.01760,0.01760,-456.45640,-456.45640,1.35060,0.14320,0.19840,37.33120,-275.56250,-275.56250,-277.35150,-162.54030,0.09130,2.66830,2.67590,33.63370,-30.36230,3815.68700,-23.47720,-26.01480,2393.37700,-26.8952,-32.5478
2014-06-30,4.88340,3.19660,1.68680,,2.61380,,3.90210,-2.21530,-0.12350,-2.33880,0.00470,-2.34350,-2.34350,,-2.34350,-0.94440,-2.21530,0.01750,0.01750,-144.14410,-144.14410,1.18310,0.09570,0.13090,34.54070,-45.36470,-45.36470,-47.89270,-47.98970,0.07360,3.47590,2.72820,32.98910,-4.29540,-21.25400,-3.53420,-3.88450,2832.48900,-35.0996,-36.4164
2014-03-31,3.62770,2.19830,1.42950,,3.07420,,4.38750,-2.95810,-0.09230,-3.05040,0.00470,-3.05520,-3.05520,,-3.05520,-1.62740,-2.95810,0.01750,0.01750,-168.16820,-168.16820,2.00240,0.10650,0.12980,39.40390,-81.54130,-81.54130,-84.08610,-84.21670,0.05360,1.79990,3.15040,28.56750,-5.45070,-24.41210,-4.51040,-4.87020,2720.11200,-27.96920,-35.66920
2013-12-31,5.15330,3.20130,1.95200,,3.23950,,4.54490,-2.59290,0.02880,-2.56410,-1.75290,-0.81120,-0.81120,,-0.81120,-1.28710,-2.59290,0.01330,0.01330,168.16820,168.16820,1.36070,0.05020,0.08020,37.87890,-50.31450,-50.31440,-49.75640,-15.74210,0.07650,3.83400,2.39790,37.53330,-1.38940,-5.90410,-1.20470,-1.31960,2838.92100,-164.8811,-118.2589
2013-09-30,4.24940,2.50760,1.74180,,2.67950,-0.51670,4.40310,-2.66130,-0.08230,-2.74370,-9.20550,6.46180,6.46180,,6.46180,-1.43710,-2.66130,0.01740,0.01740,360.36040,360.36040,1.50850,0.05100,0.07950,40.98840,-62.62840,-62.62840,-64.56610,152.06570,0.06560,2.27860,2.45130,36.71480,11.88190,77.82200,9.96860,11.27650,2653.89800,-6.283,-15.5862
2013-06-30,4.27930,2.54110,1.73820,,3.33760,,3.56660,-1.82840,-0.09230,-1.92070,0.00470,-1.92550,-1.92550,,-1.92550,-1.58290,-1.82840,0.00900,0.00900,-216.21620,-216.21620,0.94190,0.22180,0.45350,40.61900,-42.72730,-42.72730,-44.88440,-44.99510,0.32130,3.11710,2.02080,44.53790,-27.26390,-96.14630,-14.45860,-21.21680,779.97020,-65.3539,-72.5228
2013-03-31,3.77050,2.20810,1.56240,,2.40910,,2.63420,-1.07180,-0.05500,-1.12680,0.00470,-1.13160,-1.13160,,-1.13160,-0.83560,-1.07180,0.00900,0.00900,-120.12010,-120.12010,1.17710,0.15140,0.29320,41.43670,-28.42690,-28.42690,-29.88630,-30.01190,0.28600,2.53930,2.08550,43.15530,-14.30100,-40.10860,-8.58480,-12.13630,875.64470,-38.43700,-40.37660
2012-12-31,5.44890,3.41990,2.02910,,2.83210,,3.07790,-1.04890,-0.06220,-1.11110,0.00470,-1.11580,-1.11580,,-1.11580,-0.79070,-1.04890,0.00870,0.00870,-144.14410,-144.14410,1.35130,0.14540,0.30210,37.23820,-19.24970,-19.24970,-20.39130,-20.47820,0.38240,4.18240,2.56660,35.06590,-12.79120,-31.44940,-7.83020,-10.93190,965.51500,-125.0635,-140.7676
2012-09-30,4.16410,2.64060,1.52350,,2.47650,,2.55260,-1.02910,-0.06240,-1.09150,0.00470,-1.09630,-1.09630,,-1.09630,-0.81090,-1.02910,0.00870,0.00870,-120.12010,-120.12010,1.07980,0.22960,0.42410,36.58600,-24.71270,-24.71270,-26.21230,-26.32610,0.31020,2.36710,2.50980,35.85940,-15.32920,-57.39850,-8.16520,-11.80930,823.13750,-74.0495,-74.3474
2012-06-30,3.65940,2.32480,1.33460,0.22340,1.95960,,2.25910,-0.92450,-0.06570,-0.99020,0.00470,-0.99500,-0.99500,,-0.99500,-0.71550,-0.92450,0.00860,0.00860,-120.12010,-120.12010,1.14600,0.22640,0.44480,36.47050,-25.26350,-25.26350,-27.05970,-27.18910,0.26700,3.09040,2.22060,40.52950,-13.21390,-45.04380,-7.26030,-10.22220,873.40680,-106.5016,-112.8504
2012-03-31,3.84280,2.59230,1.25060,0.14770,1.79830,,2.02200,-0.77150,-0.29760,-1.06900,0.00470,-1.07380,-1.07380,,-1.07380,-0.35190,-0.77150,0.00840,0.00840,-120.12010,-120.12010,1.35730,0.21300,0.41430,32.54300,-20.07550,-20.07550,-27.81910,-27.94240,0.25940,3.60700,2.56860,35.03860,-12.77150,-34.44210,-7.24960,-10.05080,975.25230,-59.25380,-65.17540
2011-12-31,4.20670,3.04800,1.15870,0.07700,1.86300,,2.01930,-0.86060,-0.08940,-0.95010,0.00470,-0.95480,-0.95480,,-0.95480,-0.62790,-0.86060,0.00810,0.00810,-120.12010,-120.12010,0.74720,0.33980,0.78060,27.54330,-20.45860,-20.45860,-22.58450,-22.69710,0.32810,3.89050,2.63620,34.14040,-17.35980,-712.39510,-7.44630,-11.46080,677.15380,-13.508,-16.7679
2011-09-30,3.61620,2.34540,1.27080,0.08340,1.97690,,2.13170,-0.86090,-0.06050,-0.92140,-0.16440,-0.75710,-0.75710,,-0.75710,-0.67820,-0.86090,0.00810,0.00810,-96.09610,-96.09610,0.93120,0.32500,0.72410,35.14120,-23.80740,-23.80740,-25.48140,-20.93530,0.26190,2.24700,2.00260,44.94170,-11.94490,-80.66170,-5.48230,-8.06230,780.70480,-14.8078,-75.6497
2011-06-30,2.87550,2.06750,0.80800,0.07380,1.72060,,1.85650,-1.04850,-0.05920,-1.10770,0.00470,-1.11250,-1.11250,,-1.11250,-0.87780,-1.04850,0.00810,0.00810,-144.14410,-144.14410,1.37970,0.25150,0.50870,28.09910,-36.46350,-36.46350,-38.52310,-38.68790,0.26180,2.25540,1.88770,47.67600,-18.77510,-62.97330,-10.12970,-14.05250,732.96610,-123.0637,-123.0635
2011-03-31,2.68520,1.75080,0.93450,0.05130,1.51530,,1.63850,-0.70400,0.31100,-0.39310,0.00470,-0.39780,-0.39780,,-0.39780,-0.52320,-0.70400,0.00810,0.00810,-48.04800,-48.04800,1.51820,0.18870,0.43120,34.79990,-26.21920,-26.21920,-14.63860,-14.81500,0.22110,1.57150,1.75050,51.41270,-5.88830,-13.13800,-3.27610,-4.77750,835.64530,-110.97870,-111.53670
2010-12-31,4.13040,3.05370,1.07670,0.06130,1.69430,,1.93940,-0.86270,-0.73670,-1.59940,-1.13630,-0.46310,-0.46310,,-0.46310,-0.25310,-0.86270,0.00740,0.00740,-48.04810,-48.04810,1.73540,0.33000,0.71130,26.06770,-20.88610,-20.88610,-38.72150,-11.21110,0.27630,5.07800,1.85400,48.54420,-10.09310,134.59170,-3.09780,-6.76240,568.41050,-69.749,-72.5539
2010-09-30,3.15090,2.26630,0.88470,0.07170,1.33220,,1.59340,-0.70880,-0.16900,-0.87780,0.00470,-0.88250,-0.88250,,-0.88250,-0.35990,-0.70880,0.00750,0.00750,-120.12010,-120.12010,0.91100,0.40410,0.84140,28.07590,-22.49410,-22.49410,-27.85810,-28.00850,0.29490,2.78510,1.71700,52.41570,-21.45130,391.22710,-8.26020,-12.78270,545.88110,-123.8625,-130.8125
2010-06-30,3.32550,2.44750,0.87790,0.06670,1.47410,,1.72460,-0.84670,-0.14510,-0.99180,0.00470,-0.99650,-0.99650,,-0.99650,-0.49600,-0.84670,0.00740,0.00740,-144.14410,-144.14410,0.74980,0.42330,0.82940,26.40030,-25.46000,-25.46000,-29.82450,-29.96690,0.32470,5.02240,2.16140,41.63920,-24.77990,196.14520,-9.73000,-14.29020,546.27730,18.6109,12.6866
2010-03-31,2.77470,1.92870,0.84600,0.06570,1.63550,,1.94760,-1.10150,-0.01450,-1.11600,0.00470,-1.12070,-1.12070,,-1.12070,-0.72910,-1.10150,0.00710,0.00710,-168.16820,-168.16820,0.95180,0.37020,0.67940,30.49030,-39.69840,-39.69840,-40.21920,-40.39000,0.24800,3.01910,1.40520,64.04750,-22.62380,-401.69230,-10.01510,-14.24910,673.30920,-63.04130,-68.66260
2009-12-31,2.33250,1.52050,0.81200,0.06810,1.59420,,2.03330,-1.22130,0.10910,-1.11220,0.00470,-1.11700,-1.11700,,-1.11700,-0.72000,-1.22130,0.00610,0.00610,-168.16820,-168.16820,0.69540,0.43470,0.80380,34.81260,-52.36220,-52.36220,-47.68420,-47.88730,0.34740,8.25560,2.03900,44.13980,-49.92630,167.33880,-16.63440,-28.22560,327.76390,-18.3957,-25.6325
2009-09-30,2.55260,1.57580,0.97690,0.06130,1.43650,,1.82180,-0.84490,-0.10510,-0.95000,0.00470,-0.95470,-0.95470,,-0.95470,-0.37990,-0.84490,0.00610,0.00610,-144.14410,-144.14410,0.31800,0.37190,11.89460,38.26920,-33.09940,-33.09940,-37.21540,-37.40100,0.34800,6.63140,1.90290,47.29670,-273.15170,32.48900,-13.01540,-171.56460,56.07620,-107.7454,-107.6848
2009-06-30,2.24800,1.55950,0.68850,0.07470,1.13980,,1.53820,-0.84970,-0.12040,-0.97010,0.00470,-0.97480,-0.97480,,-0.97480,-0.37560,-0.84970,0.00600,0.00600,-168.16820,-168.16820,0.34790,0.33140,8.26860,30.62700,-37.79670,-37.79670,-43.15230,-43.36300,0.28720,4.77330,1.90450,47.25720,-186.17960,31.07380,-12.45360,-124.47610,86.95950,-24.5166,-24.541
2009-03-31,2.77860,1.60060,1.17790,0.08740,1.56340,,1.97430,-0.79630,-0.14250,-0.93880,0.00470,-0.94350,-0.94350,,-0.94350,-0.32510,-0.79630,0.00600,0.00600,-168.16820,-168.16820,0.33710,0.17210,4.33330,42.39320,-28.66020,-28.66020,-33.78710,-33.95760,0.34790,4.68950,1.80940,49.74030,-100.58660,31.14220,-11.81470,-83.27340,156.65800,-110.02760,-113.04490
