Date,revenue,cost-goods-sold,gross-profit,selling-general-administrative-expenses,operating-expenses,operating-income,total-non-operating-income-expense,pre-tax-income,total-provision-income-taxes,income-after-taxes,income-from-continuous-operations,net-income,basic-shares-outstanding,shares-outstanding,eps-basic-net-earnings-per-share,eps-earnings-per-share-diluted,long-term-debt-capital,debt-equity-ratio,pre-tax-profit-margin,net-profit-margin,asset-turnover,roe,return-on-tangible-equity,roa,roi,book-value-per-share,operating-cash-flow-per-share,free-cash-flow-per-share
2024-09-30,31.74300,10.95800,20.78500,17.21000,17.54700,3.23800,,3.23800,0.52900,2.70900,2.70900,2.70900,7.83700,7.86000,0.35000,0.34000,0.24960,1.56570,15.78900,13.20950,0.00960,1.52420,1.96080,0.12630,1.14380,22.16910,0.3271,-0.0961
2024-06-30,30.09100,10.19000,19.90100,17.37100,17.71900,2.18200,,2.18200,0.44400,1.73800,1.73800,1.73800,7.83100,7.84500,0.22000,0.22000,0.25770,1.61100,11.19610,8.91790,0.00930,1.02140,1.33430,0.08280,0.75820,21.22520,0.4152,0.0875
2024-03-31,28.89400,9.72800,19.16600,16.52900,16.89800,2.26800,,2.26800,0.37000,1.89800,1.89800,1.89800,7.82500,7.83500,0.24000,0.24000,0.25900,1.40030,11.75070,9.83370,0.00930,1.12340,1.47480,0.09140,0.83250,21.07370,0.90870,0.29890
2023-12-31,30.35300,9.34300,21.01000,18.77500,19.16100,1.84900,,1.84900,-0.31500,2.16400,2.16400,2.16400,7.79300,7.79800,0.27000,0.27000,0.25850,1.38670,8.91510,10.43390,0.01000,1.27840,1.68200,0.10430,0.94800,21.11430,1.5644,1.2375
2023-09-30,30.12900,8.50700,21.62200,18.07700,18.46300,3.15900,,3.15900,0.52400,2.63500,2.63500,2.63500,7.78400,7.79200,0.34000,0.34000,0.27270,1.64510,15.01850,12.52730,0.01020,1.67550,2.26640,0.12770,1.21860,19.68830,0.7941,0.1508
2023-06-30,28.47600,7.00800,21.46800,18.71200,19.10900,2.35900,,2.35900,0.34400,2.01500,2.01500,2.01500,7.79000,7.79300,0.26000,0.26000,0.26580,1.53750,11.15420,9.52760,0.01050,1.23830,1.66070,0.09960,0.90910,20.37120,-1.011,-1.2956
2023-03-31,25.37900,4.28000,21.09900,16.39400,16.81200,4.28700,,4.28700,1.04500,3.24200,3.24200,3.24200,7.79000,7.79200,0.42000,0.42000,0.26540,1.11290,20.59080,15.57160,0.01050,1.98880,2.67420,0.16350,1.46100,20.36170,-0.14900,-0.58440
2022-12-31,25.32400,2.68700,22.63700,17.42900,17.86800,4.76900,0.00000,4.40900,0.78700,3.62200,3.62200,3.62200,7.37600,7.38600,0.47000,0.47000,0.27080,0.80950,19.78020,16.24940,0.01140,2.28640,3.11660,0.18590,1.66710,19.78720,3.6684,2.8912
2022-09-30,25.58800,1.45500,24.13300,19.57400,19.90700,4.22600,-0.10300,4.12300,1.03100,3.09200,3.09200,3.09200,7.79300,7.80800,0.40000,0.40000,0.28080,0.49350,17.45850,13.09280,0.01230,2.04400,2.84610,0.16070,1.47010,18.94000,-0.2438,-0.6123
2022-06-30,24.39400,1.08500,23.30900,18.58800,19.02800,4.28100,-1.87600,2.40500,0.63400,1.77100,1.77100,1.77100,7.41100,7.42200,0.24000,0.24000,0.26610,0.39020,10.71220,7.88830,0.01180,1.08790,1.47800,0.09320,0.79840,20.13230,1.3457,0.9118
2022-03-31,20.37600,0.92300,19.45300,16.46300,16.58500,2.86800,-0.31700,2.91100,0.69500,2.21600,2.21600,2.21600,6.50600,6.51900,0.34000,0.34000,0.29130,0.41100,15.18200,11.55730,0.01290,1.54400,1.83040,0.14850,1.09430,21.43730,0.90410,0.40110
2021-12-31,20.94300,0.76900,20.17400,16.94700,17.08900,3.08500,-0.72600,2.35900,0.63200,1.72700,1.72700,1.72700,6.65400,6.65600,0.26000,0.27000,0.16010,0.22250,11.86080,8.68320,0.01390,1.10190,1.28740,0.12030,0.92550,23.06530,3.4515,3.2471
2021-09-30,26.16000,0.77600,25.38400,18.87600,19.02000,6.36400,-0.03500,6.32900,1.58300,4.74600,4.74600,4.74600,6.52500,6.52500,0.73000,0.73000,0.16020,0.22270,25.18600,18.88660,0.01790,3.03210,3.54690,0.33730,2.54650,23.09620,3.4801,3.1897
2021-06-30,23.43300,0.80000,22.63300,18.91600,19.05900,3.57400,,3.57400,0.89300,2.68100,2.68100,2.68100,6.77500,6.79500,0.40000,0.39000,0.16340,0.25620,15.80650,11.85710,0.01660,1.75520,2.06410,0.19720,1.46840,22.53860,0.9711,0.445
2021-03-31,25.39400,0.86200,24.53200,17.36800,17.51200,7.02000,,7.02000,1.75500,5.26500,5.26500,5.26500,6.77500,6.78900,0.78000,0.78000,0.16060,0.26740,28.96880,21.72660,0.01850,3.37870,3.96370,0.40150,2.83610,23.00090,0.57900,-0.00570
2020-12-31,24.64500,1.05900,23.58600,16.55600,16.72000,6.86600,,6.86600,1.70200,5.16400,5.16400,5.16400,6.79500,6.82000,0.76000,0.76000,0.16300,0.30640,29.58590,22.25190,0.01850,3.37650,3.97850,0.41060,2.82600,22.57390,-0.2333,-0.9563
2020-09-30,27.31000,1.56100,25.74900,17.03400,17.19900,8.55000,,8.55000,2.17000,6.38000,6.38000,6.38000,6.77600,6.81400,0.94000,0.94000,0.16810,0.60770,34.34430,25.62760,0.01980,4.32940,5.14270,0.50840,3.60180,21.81220,3.0732,2.7426
2020-06-30,25.83100,1.71000,24.12100,16.16500,16.33100,7.79000,-0.02900,7.76100,2.02600,5.73500,5.73500,5.73500,6.81800,6.85600,0.84000,0.84000,0.21900,0.92180,33.89970,25.05020,0.01830,4.05220,4.85760,0.45940,3.16490,20.75810,-3.0692,-3.3381
2020-03-31,20.93500,2.15400,18.78100,13.22600,13.39000,5.39100,-0.12800,5.26300,1.33600,3.92700,3.92700,3.92700,6.81900,6.83100,0.58000,0.57000,0.15730,0.89410,29.05970,21.68300,0.01560,2.93700,3.56750,0.33890,2.47500,19.60820,0.53990,-1.15770
2019-12-31,18.20300,1.96200,16.24100,12.38900,12.44000,3.80100,-0.50500,3.29600,0.95900,2.33700,2.33700,2.33700,6.42000,6.43800,0.36000,0.37000,0.17010,0.93120,21.11600,14.97210,0.01480,1.92090,2.26810,0.22170,1.59410,18.94120,0.6216,0.3121
2019-09-30,20.19300,2.07400,18.11900,12.14700,12.40100,5.71800,-0.51700,5.20100,1.09600,4.10500,4.10500,4.10500,6.40400,6.42500,0.64000,0.63000,0.17150,0.84370,29.84790,23.55810,0.01700,3.40810,4.03320,0.40160,2.82370,18.80860,0.4965,0.222
2019-06-30,17.14100,1.94400,15.19700,10.91200,11.16500,4.03200,-0.00500,4.02700,0.78000,3.24700,3.24700,3.24700,6.40900,6.42500,0.51000,0.51000,0.17720,1.13800,27.77240,22.39310,0.01440,2.80650,3.35270,0.32220,2.30940,18.06590,-1.2584,-1.5723
2019-03-31,14.81500,1.74600,13.06900,10.20000,10.45400,2.61500,-1.17100,1.44400,0.26100,1.18300,1.18300,1.18300,6.45000,6.51000,0.18000,0.18000,0.18140,1.04380,11.58440,9.49060,0.01270,1.05350,1.26830,0.12080,0.86230,17.45830,0.19710,-0.07630
2018-12-31,12.34800,1.47800,10.87000,8.77000,8.71000,2.16000,-0.58200,1.57800,0.13400,1.44400,1.44400,1.44400,5.42700,5.49000,0.27000,0.26000,0.20790,1.34060,14.87280,13.60980,0.01240,1.52310,1.77870,0.16910,1.20650,17.30670,0.8225,0.6743
2018-09-30,12.29000,1.34800,10.94200,8.54600,8.72800,2.21400,-0.22200,1.99200,0.36000,1.63200,1.63200,1.63200,5.46000,5.52500,0.30000,0.30000,0.21270,1.31090,18.53370,15.18420,0.01280,1.77410,2.08510,0.19430,1.39660,16.84840,1.1556,0.9807
2018-06-30,11.69100,1.16600,10.52500,8.53300,8.76800,1.75700,-0.13100,1.62600,0.29300,1.33300,1.33300,1.33300,5.46000,5.52500,0.24000,0.24000,0.21300,1.26690,15.48420,12.69400,0.01270,1.45200,1.70940,0.16120,1.14280,16.81410,0.1019,-0.0153
2018-03-31,10.63600,1.11000,9.52600,8.24900,8.59200,0.93400,-0.23400,0.70000,0.12700,0.57300,0.57300,0.57300,5.31100,5.37600,0.11000,0.11000,0.21440,1.03750,7.75710,6.34970,0.01110,0.63000,0.74450,0.07020,0.49490,16.65710,0.39190,-0.36590
2017-12-31,10.93600,1.12700,9.80900,7.53700,7.91600,1.89300,-0.40000,1.49300,0.94000,0.55300,0.55300,0.55300,4.07400,4.13300,0.08000,0.07000,0.22880,1.28900,15.69100,5.81190,0.01330,0.66140,0.72470,0.07720,0.51000,16.67650,0.34,0.0519
2017-09-30,11.21200,1.06500,10.14700,7.21700,7.61200,2.53500,-0.27600,2.25900,0.53800,1.72100,1.72100,1.72100,3.81100,3.86400,0.45000,0.45000,0.28130,1.71490,23.01350,17.53260,0.01400,2.71680,3.07260,0.24500,1.95260,16.62190,2.5899,2.3153
2017-06-30,10.49500,1.04500,9.45000,7.54400,7.91300,1.53700,-0.00900,1.52800,0.46200,1.06600,1.06600,1.06600,3.81100,3.87000,0.28000,0.27000,0.28510,2.07590,16.70310,11.65280,0.01290,1.71600,1.94670,0.15010,1.22670,16.30070,-1.1015,-1.2004
2017-03-31,9.54800,0.85700,8.69100,7.33500,7.70400,0.98700,-0.03600,0.95100,0.18800,0.76300,0.76300,0.76300,3.81100,3.87600,0.20000,0.20000,,1.13710,11.33490,9.09420,0.01230,1.27090,1.44930,0.11160,1.27090,15.75310,3.02350,2.90090
2016-12-31,10.95300,0.79300,10.16000,7.55800,8.07800,2.08200,,2.08200,0.63300,1.44900,1.44900,1.44900,3.78500,3.87400,0.39000,0.37000,0.20110,1.63790,21.44620,14.92580,0.01440,2.43710,2.78450,0.21500,1.94690,15.60120,0.9726,1.0037
2016-09-30,10.89700,0.78700,10.11000,7.19300,7.63100,2.47900,,2.47900,0.70700,1.77200,1.77200,1.77200,3.77900,3.87300,0.46000,0.46000,,1.31350,25.72110,18.38560,0.01430,2.95160,3.36980,0.26270,2.95160,15.88650,1.4531,0.9914
2016-06-30,9.53700,0.78800,8.74900,6.74900,7.14500,1.60400,,1.60400,0.34000,1.26400,1.26400,1.26400,3.77900,3.87300,0.34000,0.32000,,1.27940,19.34860,15.24730,0.01250,2.14220,2.45340,0.19060,2.14220,15.61370,-0.3238,-0.331
2016-03-31,8.51400,0.75000,7.76400,6.65800,6.99800,0.76600,,0.76600,0.11900,0.64700,0.64700,0.64700,3.77900,3.87300,0.17000,0.17000,,1.25590,10.47310,8.84600,0.01140,1.14120,1.31560,0.10060,1.14120,15.00270,1.22620,1.17690
2015-12-31,8.26500,0.70700,7.55800,6.47000,6.74400,0.81400,,0.81400,-0.06700,0.88100,0.88100,0.88100,3.81300,3.86000,0.23000,0.22000,,1.31140,11.28210,12.21070,0.01140,1.58880,1.83920,0.13980,1.58880,14.67320,-0.8063,-0.8513
2015-09-30,8.06600,0.72100,7.34500,6.46800,6.80200,0.54300,,0.54300,0.02200,0.52100,0.52100,0.52100,3.80400,3.84200,0.14000,0.14000,,1.02040,7.71860,7.40580,0.01150,0.95730,1.11230,0.08520,0.95730,14.40930,1.2055,1.1684
2015-06-30,8.29000,0.52600,7.76400,6.49400,6.80000,0.96400,,0.96400,0.17200,0.79200,0.79200,0.79200,3.82300,3.86000,0.21000,0.21000,,0.81200,12.96400,10.65090,0.01270,1.47470,1.71860,0.13580,1.47470,14.04840,0.4733,0.7932
2015-03-31,7.60600,0.50100,7.10500,6.36600,6.68300,0.42200,,0.42200,0.03600,0.38600,0.38600,0.38600,3.84500,3.88200,0.10000,0.10000,,0.77780,6.22140,5.69070,0.01210,0.70410,0.81850,0.06900,0.70410,14.33980,0.39280,0.38690
2014-12-31,-5.95300,-0.48700,-5.46600,-5.08300,-5.32400,-0.14200,,-0.14200,-0.09600,-0.04600,-0.04600,-0.04600,3.88200,3.93200,-0.01000,0.00000,,1.00910,2.59600,0.84100,-0.00980,-0.08440,-0.09830,-0.00820,-0.08440,14.04950,1.1524,1.4844
2014-09-30,7.36000,0.51500,6.84500,5.80900,6.08000,0.76500,,0.76500,0.04700,0.71800,0.71800,0.71800,3.89000,3.94400,0.18000,0.18000,,0.97200,11.53850,10.82960,0.01200,1.36390,1.59880,0.12960,1.36390,13.61740,-0.2872,-0.3468
2014-06-30,6.85000,0.50000,6.35000,5.64200,5.91100,0.43900,,0.43900,-0.42300,0.86200,0.86200,0.86200,3.91600,3.97100,0.22000,0.21000,,0.99510,7.10130,13.94370,0.01150,1.66720,1.96240,0.15990,1.66720,13.20350,-1.4383,-1.6233
2014-03-31,6.44400,0.50200,5.94200,5.59000,5.82700,0.11500,,0.11500,0.00700,0.10800,0.10800,0.10800,3.91800,3.97300,0.03000,0.03000,,0.46890,1.97800,1.85760,0.01120,0.21820,0.25910,0.02080,0.21820,12.63370,1.64610,1.44580
2013-12-31,,0.51600,-0.51600,2.22300,2.22300,-2.73900,,0.50400,0.03000,,,0.47400,3.91200,3.97900,0.12000,0.12000,,0.58770,,,,,,,,12.18910,1.6309,1.4822
2013-09-30,7.23900,0.52400,6.71500,5.71000,6.01200,0.70300,,0.70300,0.03600,0.66700,0.66700,0.66700,3.89900,3.97800,0.17000,0.17000,,0.59070,10.72300,10.17390,0.01280,1.38400,1.64980,0.12980,1.38400,12.36040,0.5737,0.5447
2013-06-30,,,,,,,,,,,,,,,,0.00000,,,,,,,,,,,0.2271,0.0356
2013-03-31,7.38200,0.53500,6.84700,5.55400,5.85700,0.99000,-0.71200,0.27800,-0.62900,0.90700,0.90700,0.90700,3.75300,3.93700,0.24000,0.23000,,0.55530,4.13010,13.47500,0.01310,1.71260,2.01160,0.17690,1.71260,13.58300,-0.22710,-0.03560
2012-12-31,,0.58600,-0.58600,1.62400,1.62400,-2.21000,-0.73100,-0.14300,-0.10300,,,-0.04000,3.74200,3.93300,-0.01000,-0.01000,,0.55130,,,,,,,,13.70690,-2.0595,-2.0446
2012-09-30,4.80000,0.56600,4.23400,3.00600,3.19300,1.04100,-0.47700,0.56400,0.14200,0.42200,0.42200,0.42200,3.72500,3.92900,0.11000,0.11000,,0.62330,14.10350,10.55260,0.01250,0.78180,0.78180,0.13190,0.78180,13.91570,0.7104,0.8188
2012-06-30,,,,,,,,,,,,,,,,0.00000,,,,,,,,,,,1.1971,1.2002
2012-03-31,4.83000,0.76600,4.06400,2.96300,3.16400,0.90000,,0.90000,0.24200,0.65800,0.65800,0.65800,3.71600,3.92100,0.18000,0.17000,,0.91180,23.64690,17.28850,0.01150,1.23080,1.23080,0.19810,1.23080,13.78220,-1.19710,-1.20020
2011-12-31,,0.82800,-0.82800,1.69700,1.69700,-2.52500,,0.70200,0.21500,,,0.48700,3.72300,3.91600,0.13000,0.12000,,1.01140,,,,,,,,13.71260,-1.3671,-0.5979
2011-09-30,4.22200,0.89400,3.32800,2.62000,2.71300,0.61500,,0.61500,0.18700,0.42800,0.42800,0.42800,3.74000,3.91200,0.11000,0.11000,,1.10200,20.03260,13.94140,0.00910,0.80150,0.80150,0.12740,0.80150,13.68830,0.3599,0.3446
2011-06-30,,,,,,,,,,,,,,,,0.00000,,,,,,,,,,,-2.7295,-2.5725
2011-03-31,4.71700,0.97400,3.74300,2.80500,3.13900,0.60400,,0.60400,0.19600,0.40800,0.40800,0.40800,3.90400,3.90400,0.10000,0.10000,,1.18880,17.42140,11.76810,0.01040,0.77050,0.77050,0.12190,0.77050,12.96840,2.72950,2.57250
2010-12-31,,1.07500,-1.07500,1.29400,1.29400,-2.36900,,0.92600,0.28200,,,0.64400,3.90000,3.90000,0.17000,0.17000,,1.29530,,,,,,,,12.92290,1.3162,1.2467
2010-09-30,5.20700,1.11400,4.09300,2.58900,2.84800,1.24500,,1.24500,0.36900,0.87600,0.87600,0.87600,3.89600,3.89600,0.22000,0.22000,,1.16180,32.67720,22.99210,0.01150,1.61470,1.61470,0.26480,1.61470,13.28680,0.4797,0.4623
2010-06-30,,,,,,,,,,,,,,,,0.00000,,,,,,,,,,,-1.0204,-0.4359
2010-03-31,4.40700,1.21600,3.19100,2.36600,2.46800,0.72300,,0.72300,0.24400,0.47900,0.47900,0.47900,4.08300,4.65000,0.12000,0.10000,,1.97010,24.28620,16.09000,0.00940,1.55200,1.55200,0.15140,1.55200,28.73740,1.02040,0.43590
2009-12-31,4.73500,1.35300,3.38200,2.45500,2.59200,0.79000,,0.79000,0.23700,0.55300,0.55300,0.55300,4.08000,4.64700,0.14000,0.12000,0.70210,2.35700,24.12210,16.88550,0.01070,1.82690,1.98000,0.18070,0.54400,,0.036,-0.1314
2009-09-30,4.78500,1.34100,3.44400,2.11200,2.23800,1.20600,,1.20600,0.36200,0.84400,0.84400,0.84400,4.07700,4.64200,0.21000,0.18000,0.70240,2.36000,36.44610,25.50620,0.01100,2.77540,3.00140,0.28070,0.82580,,0.9685,0.5954
2009-06-30,5.31000,1.46000,3.85000,2.43000,2.58000,1.27000,,1.29000,0.39000,0.90000,0.91000,0.91000,,,,0.00000,,2.41280,27.98270,19.73970,0.01590,3.27430,3.27430,0.31410,3.27430,25.85300,-1.7506,1.8761
2009-03-31,5.34800,1.51200,3.83600,2.00400,2.32300,1.51300,,1.51300,0.45400,1.05900,1.05900,1.05900,1.07100,1.21900,0.99000,0.87000,,,40.19660,28.13500,,-59.49440,-0.97800,,,,1.75060,-1.87610
