Date,revenue,cost-goods-sold,gross-profit,research-development-expenses,selling-general-administrative-expenses,operating-expenses,operating-income,total-non-operating-income-expense,pre-tax-income,total-provision-income-taxes,income-after-taxes,income-from-continuous-operations,net-income,ebitda,ebit,basic-shares-outstanding,shares-outstanding,eps-basic-net-earnings-per-share,eps-earnings-per-share-diluted,current-ratio,gross-margin,operating-margin,ebit-margin,pre-tax-profit-margin,net-profit-margin,asset-turnover,inventory-turnover,receiveable-turnover,days-sales-in-receivables,roe,return-on-tangible-equity,roa,roi,book-value-per-share,operating-cash-flow-per-share,free-cash-flow-per-share
2024-06-30,,,,0.89730,1.03510,,-1.93240,0.26420,-1.66820,,-1.66820,-1.66820,-1.66820,-1.88100,-1.93240,3.22200,3.22200,-0.52000,-0.52000,1.29060,,,,,,,,,,-58.18470,-218.65170,-31.91090,-58.18480,0.88300,-0.2572,-0.2572
2024-03-31,,,,1.17630,1.04410,,-2.22050,0.34520,-1.86050,0.00080,-1.86130,-1.86130,-1.86130,-2.17510,-2.22050,3.19300,3.19300,-0.58000,-0.58000,1.97250,,,,,,,,,,-43.04320,-84.80260,-28.74620,-43.04320,1.34460,-0.5107,-0.5107
2023-12-31,,,,0.70450,1.15300,,-1.85740,0.17900,-1.67850,,-1.67850,-1.67850,-1.67850,-1.81240,-1.85740,3.12800,3.12800,-0.54000,-0.54000,2.72600,,,,,,,,,,-28.71660,-45.48460,-21.43130,-28.71660,1.84730,-0.44970,-0.44970
2023-09-30,,,,0.95340,1.41630,,-2.36970,0.64930,-1.72030,,-1.72030,-1.72030,-1.72030,-2.32370,-2.36970,2.85900,2.85900,-0.54000,-0.54000,3.53310,,,,,,,,,,-24.40620,-35.33420,-19.35050,-24.40620,2.29230,-0.5579,-0.5579
2023-06-30,,,,1.02560,1.03860,,-2.06420,0.07930,-1.98490,,-1.98490,-1.98490,-1.98490,-1.98120,-2.06420,2.93100,2.93100,-0.68000,-0.68000,4.52210,,,,,,,,,,-25.28390,-35.16110,-21.07230,-25.28390,2.63270,-0.5846,-0.5846
2023-03-31,,,,1.45820,0.95240,,-2.41060,0.07700,-2.33350,0.00080,-2.33430,-2.33430,-2.33430,-2.38330,-2.41060,2.85300,2.85300,-0.82000,-0.82000,5.19530,,,,,,,,,,-25.93740,-34.48420,-21.87050,-25.93740,3.13980,-0.497,-0.497
2022-12-31,,,,1.35730,1.02100,,-2.37830,0.04350,-2.33480,,-2.33480,-2.33480,-2.33480,-2.35110,-2.37830,2.62700,2.62700,-0.89000,-0.89000,7.09670,,,,,,,,,,-22.72670,-29.12130,-19.99880,-22.72670,3.71480,-0.68180,-0.68180
2022-09-30,,,,1.79390,1.04240,,-2.83630,0.02240,-2.81390,,-2.81390,-2.81390,-2.81390,-2.80740,-2.83630,2.09600,2.09600,-1.16220,-1.16220,4.24700,,,,,,,,,,-29.96300,-39.57630,-24.30870,-29.96300,3.94590,-2.8482,-2.8483
2022-06-30,,,,4.54750,1.25000,,-5.79750,0.01050,-5.78700,,-5.78700,-5.78700,-5.78700,-5.76790,-5.79750,2.20950,2.20950,-2.58920,-2.58920,2.68330,,,,,,,,,,-48.88790,-60.71880,-32.99100,-48.88790,5.35740,-1.1812,-1.1816
2022-03-31,,,,3.04280,1.53240,,-4.57520,0.00670,-4.56850,0.00080,-4.56930,-4.56930,-4.56930,-4.54540,-4.57520,1.98160,1.98160,-2.30930,-2.30930,5.39690,,,,,,,,,,-26.83980,-31.09940,-22.39020,-26.83980,7.70500,-0.1479,-0.1484
2021-12-31,,,,3.95100,1.21070,,-5.16170,0.78300,-4.37870,,-4.37870,-4.37870,-4.37870,-5.13200,-5.16170,1.90800,1.90800,-2.30930,-2.30930,5.66260,,,,,,,,,,-41.50700,-53.44950,-35.47400,-41.50700,5.46070,-1.68110,-1.68280
2021-09-30,,,,4.12780,1.35680,,-5.48450,1.79850,-3.68600,,-3.68600,-3.68600,-3.68600,-5.45560,-5.48450,1.72590,1.72590,-2.02940,-2.02940,8.28900,,,,,,,,,,-28.22760,-34.52670,-25.27340,-28.22760,6.87330,-0.8891,-0.8886
2021-06-30,,,,4.46430,1.60820,,-6.07260,1.31310,-4.75950,,-4.75950,-4.75950,-4.75950,-6.04140,-6.07260,1.89370,1.89370,-2.51920,-2.51920,14.57530,,,,,,,,,,-30.11630,-35.52910,-28.20060,-30.11630,8.34290,-0.9026,-0.9042
2021-03-31,,,,7.97530,1.53510,,-9.51040,7.25120,-2.25920,0.00080,-2.26000,-2.26000,-2.26000,-9.48060,-9.51040,1.66350,1.66350,-1.32960,-1.32960,4.63590,,,,,,,,,,-11.72630,-13.42050,-9.41590,-11.72630,10.18110,-4.0759,-4.0776
2020-12-31,,,,1.37970,1.23410,,-2.61380,-0.02380,-2.63760,,-2.63760,-2.63760,-2.63760,-2.58500,-2.61380,1.46870,1.46870,-1.81950,-1.81950,8.45980,,,,,,,,,,-33.45010,-38.79300,-25.63090,-28.49180,6.15630,-2.04980,-2.05050
2020-09-30,0.00050,0.00230,-0.00180,1.15480,0.85390,2.00870,-2.01050,-0.00400,-2.01450,,-2.01450,-2.01450,-2.01450,-1.98150,-2.01050,1.22990,1.22990,-1.53950,-1.53950,5.29720,,,,,,0.00000,,0.00570,15739.78000,-30.37920,-30.40940,-18.71800,-22.11760,6.62900,-1.4371,-1.4332
2020-06-30,0.11000,0.00150,0.10850,1.14390,0.73310,1.87690,-1.76840,0.00270,-1.76580,,-1.76580,-1.76580,-1.76580,-1.74490,-1.76840,1.26610,1.26610,-1.39960,-1.39960,6.32790,98.66160,-1607.88600,-1607.88600,-1605.45800,-1605.45800,0.01230,,1.94760,46.20990,-33.05350,-33.37070,-19.78940,-22.63740,6.15940,-1.0475,-1.046
2020-03-31,0.11050,0.01000,0.10050,0.50280,1.11390,1.61680,-1.51630,0.02660,-1.48960,,-1.48960,-1.48960,-1.48960,-1.51360,-1.51630,1.24890,1.24890,-1.18960,-1.18960,12.82700,90.91810,-1371.97500,-1371.97500,-1347.89200,-1347.89200,0.01450,,1.31420,68.48050,-21.49260,-21.49250,-19.51670,-21.49250,5.47490,-0.833,-0.82
2019-12-31,0.10780,0.00380,0.10400,0.52800,0.68170,1.20970,-1.10570,0.01210,-1.09350,0.00080,-1.09430,-1.09430,-1.09430,-1.10330,-1.10570,1.07230,1.07230,-1.04970,-1.04970,6.85520,96.49540,-1025.67900,-1025.67900,-1014.40900,-1015.15100,0.02120,,0.98360,91.50280,-25.84820,-25.84820,-21.50240,-25.84820,3.94810,-0.73650,-0.71550
2019-09-30,0.41040,,0.41040,0.22440,0.64990,,-0.56530,-0.02380,-0.58900,,-0.58900,-0.58900,-0.58900,-0.56530,-0.56530,0.71960,0.71960,0.14000,0.14000,12.22770,75.31840,-137.74530,-137.74520,-143.54070,-143.54070,0.07180,,1.89020,47.61340,-11.20690,-11.20690,-10.30210,-11.20690,4.90160,6.322,6.2963
2019-06-30,0.00050,,0.00050,0.50290,0.81790,,-1.32040,0.02630,-1.29400,,-1.29400,-1.29400,-1.29400,-1.31880,-1.32040,0.61700,0.61700,-2.09940,-2.09940,7.01840,,,,,,0.00010,,0.00140,,-20.82870,-20.82870,-17.90360,-20.82870,5.79360,-4.6347,-4.6057
2019-03-31,,,,0.11170,0.42910,,-0.54080,0.01190,-0.52880,,-0.52880,-0.52880,-0.52880,-0.54030,-0.54080,0.46300,0.46300,-1.11970,-1.11970,9.23400,,,,,,,,,,-6.39490,-6.39490,-5.77890,-6.39490,65.11910,-0.8615,-0.8648
2018-12-31,,,,0.25740,0.14840,,-0.40570,0.04090,-0.36480,,-0.36480,-0.36480,-0.36480,-0.40530,-0.40570,0.46300,0.46300,-0.76980,-0.76980,18.44700,,,,,,,,,,12.80390,-11.35010,-10.73620,-11.35010,6.94280,-0.82580,-0.82580
2018-09-30,0.12730,0.20440,-0.07710,0.66430,1.18110,1.84540,-1.92250,0.04870,-1.87380,,-1.87380,-1.87380,-1.87380,-1.73500,-1.92250,0.06830,0.06830,3.84830,3.84830,21.59770,-60.57030,-1510.11000,-1510.11000,-1471.86800,-1471.86900,0.01080,0.91150,3.08660,29.15830,-16.60230,-16.60230,-15.90700,-16.60230,88.87640,-66.0478,-71.6342
2018-06-30,,,,0.29820,0.12380,,-0.42200,0.01020,-0.41180,,-0.41180,-0.41180,-0.41180,-0.51710,-0.42200,0.46300,0.46300,-0.90970,-0.90970,28.05940,,,,,,,,,,-3.32490,-3.32490,-3.21720,-3.32490,97.53910,69.2575,74.9931
2018-03-31,0.06410,0.14000,-0.07600,0.49390,0.77400,1.26790,-1.34390,-0.00870,-1.35250,,-1.35250,-1.35250,-1.35250,-1.29730,-1.34390,0.03580,0.03580,-37.78110,-37.78110,7.24110,-118.64580,-2098.07200,-2098.07200,-2111.60800,-2111.60800,0.01200,0.68190,1.02000,88.23800,-28.53460,-28.53460,-25.37700,-28.53460,926.43490,-38.7784,-43.5578
2017-12-31,0.02050,0.10090,-0.08040,0.63100,0.67850,1.30950,-1.38990,-0.01010,-1.39990,0.00080,-1.40070,-1.40070,-1.40070,-1.34060,-1.38990,0.03580,0.03580,-39.04050,-39.04050,9.84950,-392.26830,-6784.20000,-6784.20000,-6833.33800,-6837.24400,0.00310,0.85080,1.86640,48.22230,-23.27200,-23.27200,-21.24470,-23.27200,168.07760,-31.96500,-32.93610
2017-09-30,0.00290,0.09390,-0.09110,0.64700,0.63080,1.27790,-1.36890,0.14800,-1.22090,,-1.22090,-1.22090,-1.22090,-1.32510,-1.36890,0.03480,0.03480,158.18060,158.18060,21.05780,-3161.98800,-47531.29000,-47531.29000,-42393.80000,-42393.80000,0.00040,1.37920,,,-16.50130,-16.50130,-15.81530,-16.50130,206.65670,-31.2248,-34.1165
2017-06-30,0.02050,0.14230,-0.12170,0.53620,0.63570,1.17180,-1.29360,0.07330,-1.22040,,-1.22040,-1.22040,-1.22040,-1.24880,-1.29360,0.03450,0.03450,-35.26240,-35.26240,19.08900,-592.88430,-6300.48600,-6300.48600,-5943.70200,-5943.70200,0.00230,1.00930,1.72840,52.07040,-14.19530,-14.19530,-13.52610,-14.19530,240.06430,432.1182,452.0575
2017-03-31,0.06300,0.13480,-0.07180,0.32940,0.74640,1.07580,-1.14760,0.04390,-1.10370,,-1.10370,-1.10370,-1.10370,-1.10230,-1.14760,0.00490,0.00490,-223.26130,-223.26130,21.57140,-113.97520,-1820.97000,-1820.97000,-1751.34000,-1751.34000,0.00620,0.43420,0.95660,94.08730,-11.27400,-11.27400,-10.79600,-11.27400,283.72560,-496.2744,-519.5677
2016-12-31,0.14190,0.16340,-0.02150,0.46090,0.93210,1.39290,-1.41450,-0.07040,-1.48490,0.00080,-1.48570,-1.48570,-1.48570,-1.36900,-1.41450,0.03450,0.03450,-44.06470,-44.06470,17.58770,-15.18720,-997.12100,-997.12100,-1046.74600,-1047.31000,0.01240,0.49580,10.97190,8.20280,-13.67400,-13.67400,-12.95600,-13.67400,314.89100,-39.56190,-42.00870
2016-09-30,0.27610,0.20370,0.07250,0.66140,0.72760,1.38900,-1.31660,-0.02460,-1.34120,,-1.34120,-1.34120,-1.34120,-1.27370,-1.31660,0.03000,0.03000,-41.12710,-41.12710,19.40150,26.24100,-476.84600,-476.84590,-485.75880,-485.75890,0.02130,0.81650,3.21750,27.97220,-10.89140,-10.89140,-10.36640,-10.89140,356.89310,-34.7417,-37.879
2016-06-30,0.18110,0.17910,0.00200,0.47010,0.72040,1.19050,-1.18850,-0.00560,-1.19410,,-1.19410,-1.19410,-1.19410,-1.15050,-1.18850,0.02880,0.02880,-41.12710,-41.12710,9.20910,1.12650,-656.28410,-656.28410,-659.37590,-659.37590,0.02130,0.31480,20.01460,4.49670,-15.58640,-15.58640,-14.04790,-15.58640,266.36730,-37.0791,-38.1783
2016-03-31,0.32630,0.34820,-0.02180,0.30910,0.76510,1.07410,-1.09590,0.23490,-0.86100,,-0.86100,-0.86100,-0.86100,-1.05960,-1.09590,0.02880,0.02880,-29.37650,-29.37650,14.14630,-6.68480,-335.83370,-335.83370,-263.84240,-263.84240,0.03460,0.64060,31.27010,2.87810,-9.77020,-9.77020,-9.13180,-9.77020,306.40840,-36.936,-39.9482
2015-12-31,0.48820,0.39700,0.09120,0.28880,1.10970,1.39850,-1.30740,-0.31520,-1.62260,0.00720,-1.62980,-1.62980,-1.62980,-1.27500,-1.30740,0.02850,0.02850,-55.81530,-55.81530,13.39350,18.67910,-267.81260,-267.81260,-332.39160,-333.86650,0.04710,0.75190,13.70080,6.56900,-16.92280,-16.92280,-15.74010,-16.92280,334.85570,-41.20870,-47.34920
2015-09-30,0.20070,0.06770,0.13290,0.19940,0.88150,1.08090,-0.94800,-0.58040,-1.52840,0.00900,-1.53740,-1.53740,-1.53740,-0.90780,-0.94800,0.02710,0.02710,-58.75300,-55.81530,4.14450,66.25420,-472.43700,-472.43710,-761.70010,-766.18550,0.01930,0.12150,1.27320,70.68790,-19.20450,-19.20450,-14.80250,-19.20450,294.51090,-42.0614,-45.1849
2015-06-30,0.15770,0.28540,-0.12770,0.12970,0.61820,0.74790,-0.87560,1.34860,0.47300,0.00900,0.46400,0.46400,0.46400,-0.83380,-0.87560,0.02710,0.02890,17.62590,14.68820,6.02390,-80.94560,-555.05300,-555.05300,299.83650,294.13120,0.01410,1.46860,1.39640,64.44940,4.91900,4.91900,4.13790,4.91900,348.34260,-25.511,-30.3946
2015-03-31,0.18760,0.31000,-0.12240,0.28160,0.78570,1.06730,-1.18960,0.77250,-0.41720,0.00900,-0.42620,-0.42620,-0.42620,-1.14960,-1.18960,0.02710,0.02710,-14.68820,-14.68820,3.94030,-65.21930,-634.04200,-634.04200,-222.33690,-227.13360,0.01590,2.29370,11.32950,7.94390,-4.77620,-4.77620,-3.60340,-4.77620,329.51440,-47.8022,-48.4965
2014-12-31,0.21270,0.17710,0.03560,0.41880,0.94220,1.36100,-1.32540,-0.00830,-1.33370,0.00980,-1.34350,-1.34350,-1.34350,-1.28790,-1.32540,0.02700,0.02700,-49.94000,-49.94000,3.29180,16.72150,-623.25200,-623.25200,-627.13760,-631.74580,0.01580,1.31860,5.91040,15.22750,-14.54480,-14.54480,-10.00670,-14.54480,341.11410,-47.52680,-48.96300
2014-09-30,0.11900,-0.53000,0.64900,0.00000,-2.27000,-2.27000,2.91900,-0.81000,3.58000,-0.01980,3.59980,-4.63500,-4.63500,2.95680,2.91900,0.02580,0.02580,-176.25900,-176.25900,21.52240,,2452.94100,2452.94100,3008.40300,-3894.95800,0.00800,-17.66670,2.97500,30.25210,-44.31170,-44.31170,-31.27530,-44.31170,,0,0
2014-08-31,,,,,,,,,,,,,,,,,,,0.00000,,,,,,,,,,,,,,,,123.7378,133.1492
2014-06-30,0.07250,0.18900,-0.11640,0.54320,0.61250,1.15570,-1.27210,4.68950,3.41730,0.00900,3.40830,3.40830,3.40830,-1.23070,-1.27210,0.02600,0.02960,117.50600,117.50600,9.90410,-160.52830,-1753.76300,-1753.76300,4711.08300,4698.67600,0.00500,,1.28160,70.22530,-10.13770,44.26000,23.54790,44.26050,,-123.7378,-133.1492
2014-05-31,,,,,,,,,,,,,,,,,,,0.00000,,,,,,,,,,,,,,,,98.6516,108.3105
2014-03-31,0.11440,0.17520,-0.06090,0.73310,0.64670,1.37980,-1.44060,0.01820,-1.42250,0.01140,-1.43390,-1.43390,-1.43390,-1.39340,-1.44060,0.02600,0.02600,-58.75300,-58.75300,,-53.22070,-1259.61600,-1259.61600,-1243.71900,-1253.68700,,,,,,,,,,-55.4921,-56.8467
2013-12-31,0.05880,0.18510,-0.12630,0.54820,1.02110,1.56930,-1.69560,-3.88080,-5.57640,0.00080,-5.57720,-5.57720,-5.57720,-1.66380,-1.69560,0.02520,0.02520,-235.01190,-235.01190,,-214.62300,-2882.46000,-2882.46000,-9479.62600,-9480.98600,,,,,,,,,,-43.15950,-51.46380
2013-09-30,0.29500,,0.29500,,,,0.29500,,0.29500,,0.29500,-9.30500,-9.30500,0.32500,0.29500,0.01760,0.01760,-528.77700,-528.77700,2.10080,100.00000,100.00000,100.00000,100.00000,-3154.23800,0.03470,,1.73530,51.86440,298.23720,404.56530,-109.34200,424.88580,,-165.9091,-166.4773
2013-08-31,,0.24420,-0.24420,1.34860,0.24060,1.49920,-1.74340,-7.49710,,-0.00020,,,,-1.74340,,,,,0.00000,,,,,,,,,,,,,,,,122.5275,122.6374
2013-06-30,0.07300,0.10000,-0.02700,0.17000,0.57000,0.77000,-0.79700,-0.36000,-1.17000,0.00000,-1.17000,-1.17200,-1.17200,-0.76700,-0.79700,0.01820,0.01820,-58.75300,-58.75300,5.54550,-27.39730,-1091.78100,-1091.78100,-1602.74000,-1605.48000,0.03270,,8.11110,11.09590,37.56410,36.17280,-52.55610,37.68490,,-35.2443,-35.2386
2013-03-31,0.06100,0.10000,-0.03900,0.23000,0.38000,0.64000,-0.67900,-2.95000,-3.64000,0.00100,-3.64100,-3.64400,-3.64400,-0.64900,-0.67900,0.01730,0.01730,-205.63500,-205.63500,2.18180,-49.18030,-1113.11500,-1113.11500,-5967.21300,-5973.77100,0.04360,,3.05000,29.50820,113.87500,109.75900,-260.28570,114.23200,,-42.2832,-42.2738
2012-12-31,0.11600,0.16000,-0.04400,0.27000,0.58000,0.88000,-0.92400,0.16000,-0.76000,0.00000,-0.76000,-0.76600,-0.76600,-0.89400,-0.92400,0.01600,0.01600,-58.75300,-58.75300,3.01790,-34.48280,-796.55170,-796.55170,-655.17240,-660.34480,0.05370,,3.86670,23.27590,-112.64700,-136.78570,-35.46300,-112.64710,,-45.00000,-45.12500
2012-09-30,,,,,,,,,,,,,,,,,,,0.00000,,,,,,,,,,,,,,,,201.3333,202.6667
2012-06-30,0.04300,0.09000,-0.04700,0.39000,0.87000,1.28000,-1.32700,0.22000,-1.12000,0.00000,-1.12000,-1.12600,-1.12600,-1.29700,-1.32700,0.01500,0.01500,-88.12900,-88.12900,5.63890,-116.27910,-3086.04600,-3086.04600,-2604.65100,-2618.60500,0.01710,,1.07500,83.72090,-55.74260,-59.89360,-44.86060,-55.74260,,-67.3333,-68
2012-03-31,0.05800,0.14000,-0.08200,0.38000,0.65000,1.05000,-1.13200,0.31000,-0.84000,0.00100,-0.84100,-1.12400,-1.12400,-1.13200,-1.13200,0.01500,0.01500,-88.12900,-88.12900,9.61290,-137.93100,-1951.72400,-1951.72400,-1448.27600,-1937.93100,0.01670,,1.93330,46.55170,-40.00000,-42.57580,-32.39190,-40.14290,,-134,-134.6667
