Date,revenue,cost-goods-sold,gross-profit,research-development-expenses,selling-general-administrative-expenses,other-operating-income-expenses,operating-expenses,operating-income,total-non-operating-income-expense,pre-tax-income,income-after-taxes,income-from-continuous-operations,net-income,ebitda,ebit,basic-shares-outstanding,shares-outstanding,eps-basic-net-earnings-per-share,eps-earnings-per-share-diluted,current-ratio,long-term-debt-capital,debt-equity-ratio,gross-margin,operating-margin,ebit-margin,pre-tax-profit-margin,net-profit-margin,asset-turnover,inventory-turnover,receiveable-turnover,days-sales-in-receivables,roe,return-on-tangible-equity,roa,roi,book-value-per-share,operating-cash-flow-per-share,free-cash-flow-per-share
2024-09-30,0.52750,0.13360,0.39390,0.09530,0.64830,-0.56750,1.31370,-0.91980,-0.58140,-1.50130,-1.50130,-1.50130,-1.50130,-0.95610,-0.91980,0.11080,0.11080,-13.60000,-13.60000,3.86210,0.05730,0.06070,74.67630,-174.38400,-174.38400,-284.61040,-284.61040,0.04710,0.13540,18.91480,4.75820,-17.54780,-26.19220,-13.39770,-16.54290,34.65330,2.4671,2.4845
2024-06-30,0.60550,0.16630,0.43930,0.05240,1.38540,-0.40730,1.84780,-1.40860,-0.00390,-1.41250,-1.41250,-1.41250,-1.41250,-1.38380,-1.40860,0.09150,0.09150,-16.00000,-16.00000,1.04950,0.16070,0.19150,72.54050,-232.62520,-232.62520,-233.26560,-233.26560,0.11920,0.16990,20.83000,4.32070,-53.51080,687.57840,-27.80370,-44.91230,27.94430,-7.1125,-7.1069
2024-03-31,0.61460,0.16890,0.44570,0.10320,1.27160,-0.73390,2.12910,-1.68350,0.28620,-1.39730,-1.39730,-1.39730,-1.39730,-1.66230,-1.68350,0.08660,0.08660,-16.20000,-16.20000,2.56990,0.16510,0.19770,72.51530,-273.92820,-273.92820,-227.35670,-227.35670,0.14540,0.17870,11.33780,7.93810,-56.19690,-85.05090,-33.05850,-46.92060,28.69480,-26.82190,-26.92760
2023-12-31,0.69860,0.23690,0.46170,0.12250,1.04400,-0.37370,1.54260,-1.08090,-0.07700,-1.15790,-1.15790,-1.15790,-1.15790,-1.07800,-1.08090,0.05370,0.05370,-16.60000,-16.60000,3.79190,,,66.08990,-154.73160,-154.73160,-165.75020,-165.75020,0.13460,0.47790,19.31890,4.65860,-30.25590,-30.25590,-22.31090,-30.25590,44.16810,-41.5362,-41.5212
2023-09-30,0.55470,0.18850,0.36610,0.08640,0.76460,-0.29830,1.15170,-0.78560,0.00250,-0.78300,-0.78300,-0.78300,-0.78300,-0.78260,-0.78560,0.05010,0.05010,-15.60000,-15.60000,0.77670,,,66.01320,-141.62900,-141.62900,-141.17760,-141.17760,0.35040,0.37750,66.17200,1.36010,476.11480,477.77360,-49.46640,477.77360,-3.23940,-10.1113,-10.1102
2023-06-30,0.31650,0.10820,0.20840,0.13370,0.64400,-0.48110,1.26170,-1.05330,-0.22650,-1.27990,-1.27990,-1.27990,-1.27990,-1.05040,-1.05330,0.04990,0.04990,-25.60000,-25.60000,,,,65.82320,-332.77420,-332.77420,-404.34020,-404.34020,,,,,,,,,,-14.9184,-14.9122
2023-03-31,0.14280,0.04440,0.09840,0.08370,0.53670,-0.32180,0.94480,-0.84640,-0.23430,-1.08070,-1.08070,-1.08070,-1.08070,-0.84350,-0.84640,0.04850,0.04850,-22.20000,-22.20000,,,,68.88880,-592.62630,-592.62630,-756.68390,-756.68390,,,,,,,,,,-18.24400,-18.47460
2022-12-31,,,,,,,,,,,,,,,,,,,0.00000,,,,,,,,,,,,,,,,,,22.6618,23.3635
2022-09-30,0.43210,0.19440,0.23770,0.08930,0.38560,-0.23300,0.70960,-0.47180,-0.02720,-0.49910,-0.49910,-0.49910,-0.49910,-0.47180,-0.47180,0.04760,0.04760,-10.40000,-10.40000,,,,55.00620,-109.19070,-109.19070,-115.49630,-115.49630,,,,,,,,,,-22.6618,-23.3635
