Date,revenue,cost-goods-sold,gross-profit,selling-general-administrative-expenses,other-operating-income-expenses,operating-expenses,operating-income,total-non-operating-income-expense,pre-tax-income,total-provision-income-taxes,income-after-taxes,income-from-continuous-operations,net-income,ebitda,ebit,basic-shares-outstanding,shares-outstanding,eps-basic-net-earnings-per-share,eps-earnings-per-share-diluted,current-ratio,long-term-debt-capital,debt-equity-ratio,gross-margin,operating-margin,ebit-margin,pre-tax-profit-margin,net-profit-margin,asset-turnover,inventory-turnover,receiveable-turnover,days-sales-in-receivables,roe,return-on-tangible-equity,roa,roi,book-value-per-share,operating-cash-flow-per-share,free-cash-flow-per-share
2024-09-30,1380.77900,854.78800,525.99150,43.41920,-69.27800,197.71700,328.27420,-58.43530,269.83880,68.17470,201.66410,201.66410,183.99370,328.27420,328.27420,1382.37200,1382.37200,0.13310,0.13310,1.15560,,,38.09380,23.77460,23.77460,19.54250,13.32540,0.09930,,,,3.56920,3.56920,1.45040,3.56920,,0,0
2024-06-30,1385.51200,978.71620,406.79540,42.56340,-59.92470,183.99880,222.79630,-55.06380,167.73020,42.78120,124.94900,124.94900,112.48380,222.79630,222.79630,1383.33100,1383.33100,0.08150,0.08150,1.15790,,,29.36070,16.08040,16.08040,12.10600,8.11860,0.09920,,,,2.30210,2.30210,0.89440,2.30210,,0,0
2024-03-31,1158.07600,763.20310,394.87240,47.86210,-45.27050,171.44720,223.42530,4.01940,227.44590,50.30410,177.14180,177.14290,163.42370,223.42530,223.42530,1383.33100,1383.33100,0.11800,0.11800,0.83710,,,34.09740,19.29280,19.29280,19.64000,14.11170,0.08390,,,,3.27770,3.27770,1.28400,3.27770,,0.00000,
2023-12-31,1394.74300,813.12770,581.61480,54.38100,-65.80160,198.37930,383.23580,218.01030,601.24840,145.34120,455.90720,455.90860,432.02990,383.23580,383.23570,1383.33100,1383.33100,0.31260,0.31260,0.84860,0.04870,0.05630,41.70050,27.47720,27.47720,43.10820,30.97560,0.09820,11.53140,0.77510,116.11710,7.98010,10.32010,3.21050,7.59120,4.12990,0.6121,0.0892
2023-09-30,1243.17100,753.80160,489.36950,51.21720,-55.69440,187.99450,301.37510,-0.03600,301.33800,90.88920,210.44880,210.44880,194.29920,301.37510,301.37510,1383.89700,1383.89700,0.14040,0.14040,1.08720,,,39.36460,24.24240,24.24240,24.23950,15.62930,0.08830,,,,3.76860,3.76860,1.49560,3.76860,,0,0
2023-06-30,1208.10700,1047.83500,160.27170,53.82520,-50.60770,182.32800,-22.05580,-33.56600,-55.62180,-20.73500,-34.88680,-34.88810,-34.74380,-22.05580,-22.05580,1370.56400,1370.56400,-0.02540,-0.02540,1.02890,,,13.26640,-1.82560,-1.82560,-4.60400,-2.87590,0.08050,,,,-0.59820,-0.59820,-0.23260,-0.59820,,0,0
2023-03-31,1410.27500,979.93790,430.33690,47.92200,-56.75040,171.57810,258.75850,-17.41080,241.34640,56.79960,184.54680,184.54680,168.56160,258.75850,258.75850,1383.33100,1383.33100,0.12200,0.12200,0.97150,,,30.51440,18.34810,18.34810,17.11340,11.95240,0.10310,,,,3.45070,3.45070,1.34910,3.45070,,0.00000,
2022-12-31,1726.96400,768.22300,958.74140,36.89310,-112.50660,207.44000,751.30130,1030.55700,1781.85900,535.34720,1246.51200,1246.51200,1207.98400,751.30130,751.30120,1383.33100,1383.33100,0.87340,0.87340,0.96710,0.04700,0.05370,55.51600,43.50420,43.50420,103.17870,69.94840,0.13230,8.96330,0.88910,101.22530,25.81930,34.19530,9.55030,24.60460,3.49000,0.5922,-0.1347
2022-09-30,1426.75900,1095.68400,331.07580,47.92260,-57.46180,170.26000,160.81560,-24.90290,135.91160,11.32780,124.58380,124.58380,110.27060,160.81560,160.81560,1383.33100,1383.33100,0.07980,0.07980,0.61760,,,23.20470,11.27140,11.27140,9.52590,7.72870,0.11160,,,,3.37350,3.37350,0.97420,3.37350,,0,0
2022-06-30,1221.85000,1079.37000,142.47960,46.92360,-56.63160,175.11600,-32.63640,-18.23040,-50.86680,-40.99920,-9.86760,-9.86760,-13.37400,-32.63640,-32.63640,1393.12500,1393.12500,-0.00960,-0.00960,0.52040,,,11.66100,-2.67110,-2.67110,-4.16310,-1.09460,0.09370,,,,-0.24580,-0.24580,-0.07570,-0.24580,,0,0
2022-03-31,1076.50200,796.20000,280.30190,42.32400,-46.24200,156.18960,124.11240,-34.46760,89.64480,10.99080,78.65400,78.65400,72.41040,124.11240,124.11240,1383.33100,1383.33100,0.05200,0.05200,0.62870,,,26.03820,11.52920,11.52920,8.32740,6.72650,0.09370,,,,1.87550,1.87550,0.68490,1.87550,,0.00000,
2021-12-31,905.01420,101.60490,803.40940,35.73440,-105.29280,204.11960,599.28970,-19.72890,52.22420,5.06210,47.16220,47.16220,41.43230,599.28970,599.28960,1383.33100,1383.33100,0.07390,0.07390,0.59480,0.04250,0.04770,30.50490,66.21880,66.21880,5.77050,4.57810,0.07330,2.50120,0.93490,96.26500,1.08410,1.62380,0.38190,1.03800,3.14490,0.388,-0.2978
2021-09-30,1010.70500,834.42060,176.28390,44.42490,-56.13920,169.99240,6.29200,-37.66880,-31.37420,-14.13360,-17.24060,-17.24060,-19.54810,6.29200,6.29200,1383.33100,1383.33100,-0.01430,-0.01430,0.73620,,,17.44170,0.62250,0.62250,-3.10420,-1.93410,0.08730,,,,-0.39940,-0.39940,-0.14900,-0.39940,,0,0
2021-06-30,954.88680,624.00380,330.88290,74.00540,-57.84940,202.35330,128.52970,-76.40640,52.12340,17.47620,34.64720,34.64720,27.60380,128.52970,128.52970,1359.79300,1359.79300,0.02030,0.02030,0.88940,,,34.65170,13.46020,13.46020,5.45860,2.89080,0.08330,,,,0.72220,0.72220,0.30230,0.72220,,0,0
2021-03-31,841.19280,1054.66800,-213.47480,58.18400,-53.79360,183.16400,-396.63960,-53.06420,77.63000,11.27560,66.35440,66.35440,61.21220,-396.63960,-396.63960,,,,0.00000,0.98160,,,37.31120,-47.15200,-47.15200,9.22860,7.27680,0.07490,,,,1.29570,1.29570,0.59040,1.29570,,0.00000,
2020-09-30,857.94670,440.98860,416.95810,46.95600,-75.25570,190.50330,226.45480,-34.17570,192.27910,49.33110,142.94800,142.94800,132.45440,226.45480,226.45480,1386.95700,1386.95700,0.09600,0.09600,0.98160,,,48.59940,26.39500,26.39500,22.41150,15.43850,0.08220,,,,3.00600,3.00600,1.36980,3.00600,,0,0
2020-06-30,765.08760,448.21440,316.87320,40.62600,-876.62290,991.55960,-674.68680,-40.35720,-715.04520,-203.62680,-511.41840,-511.41840,-478.72080,-674.68680,-674.68680,1383.33100,1383.33100,-0.34600,-0.34600,1.15250,,,41.41660,-88.18430,-88.18430,-93.45930,-62.57070,0.08130,,,,-13.60190,-13.60190,-5.43270,-13.60190,,-0.2887,-0.1584
2020-03-31,779.92080,454.30080,325.62000,37.76760,-59.62920,170.90640,154.71360,-31.95600,122.75760,30.93720,91.82040,91.82160,85.19160,,154.71360,1419.86000,1419.86000,0.06000,0.06000,,,,,,,,,,,,,,,,,,,
2018-03-31,954.52190,562.05540,392.46650,49.26240,-47.90260,160.35950,232.10710,-8.40890,223.69810,55.27540,168.42270,168.42270,119.21980,232.10710,232.10710,981.85550,981.85550,0.12160,0.12160,2.89320,,,41.11660,24.31660,24.31660,23.43560,12.49000,0.08540,6.79530,1.46400,61.47550,2.54240,3.35110,1.50610,2.54240,,0.28870,0.15840
2017-12-31,893.72780,440.23980,453.48800,38.28140,-100.62540,190.32730,263.16060,-3.53120,259.62940,32.77200,226.85740,226.85750,139.63160,263.16060,263.16060,981.85500,981.85500,0.14510,0.14510,1.29690,,,50.74120,29.44530,29.44530,29.05020,15.62350,0.10460,7.39520,1.21200,74.25880,3.99370,5.31680,2.65570,3.99370,5.78540,0.324,0.2345
2017-09-30,1022.97300,608.96900,414.00410,45.44930,-56.31390,161.87480,252.12930,-10.58200,241.54730,60.16670,181.38060,181.38060,124.65080,252.12930,252.12930,981.85500,981.85500,0.12500,0.12500,1.50270,,,40.47070,24.64670,24.64670,23.61230,12.18520,0.11720,10.34760,1.36100,66.12550,3.02450,4.02400,2.07840,3.02450,,0.3492,0.2555
2017-06-30,985.66240,678.09160,307.57080,49.36400,-41.76560,151.20790,156.36290,-1.62830,154.73460,46.22880,108.50580,108.50580,84.85860,156.36290,156.36290,981.85550,981.85550,0.08640,0.08640,1.43260,,,31.20450,15.86370,15.86370,15.69850,8.60930,0.11680,11.31800,1.29790,69.34530,1.88280,2.53870,1.28610,1.88280,,0.2978,0.0814
2017-03-31,891.65700,554.43300,337.22400,49.16100,-34.35450,140.93100,196.29300,147.93600,344.22900,75.84600,268.38300,268.38300,174.93300,196.29300,196.29300,980.01680,980.01680,0.17850,0.17850,,,,37.81990,22.01440,22.01440,38.60550,19.61890,,,,,,,,,,0.00000,
2016-03-31,312.83980,200.62980,112.21000,15.76820,-12.95560,46.71520,65.49480,9.81820,75.31580,-2.55640,77.87220,77.87220,52.41740,65.49480,65.49480,981.85500,981.85500,0.05320,0.05320,,,,35.86860,20.93560,20.93560,24.07490,16.75540,,,,,,,,,,0.00000,
2015-12-31,,,,,,,,,,,,,,,,,,,0.00000,,,,,,,,,,,,,,,,,,0,0
2014-12-31,,,,,,,,,,,,,,,,,,,0.00000,,,,,,,,,,,,,,,,,,0,0
