Date,revenue,cost-goods-sold,gross-profit,research-development-expenses,selling-general-administrative-expenses,operating-expenses,operating-income,total-non-operating-income-expense,pre-tax-income,total-provision-income-taxes,income-after-taxes,income-from-continuous-operations,income-from-discontinued-operations,net-income,ebitda,ebit,basic-shares-outstanding,shares-outstanding,eps-basic-net-earnings-per-share,eps-earnings-per-share-diluted,current-ratio,long-term-debt-capital,debt-equity-ratio,gross-margin,operating-margin,ebit-margin,pre-tax-profit-margin,net-profit-margin,asset-turnover,inventory-turnover,receiveable-turnover,days-sales-in-receivables,roe,return-on-tangible-equity,roa,roi,book-value-per-share,operating-cash-flow-per-share,free-cash-flow-per-share
2024-09-30,645.00000,377.50000,267.50000,14.90000,157.60000,172.50000,95.00000,-17.80000,77.20000,36.80000,40.40000,40.40000,,40.30000,134.40000,95.00000,242.10000,242.60000,0.17000,0.17000,3.51880,0.43820,0.78470,41.47290,14.72870,14.72870,11.96900,6.24810,0.12650,1.32130,1.35820,66.26510,1.64580,-7.37630,0.79240,0.92460,10.13920,0.4058,0.3539
2024-06-30,612.70000,345.50000,267.20000,15.60000,155.40000,171.00000,96.20000,-22.00000,74.20000,-17.50000,91.70000,91.70000,1.60000,93.20000,136.30000,96.20000,242.10000,242.50000,0.39000,0.39000,3.49810,0.44520,0.80730,43.61030,15.70100,15.70100,12.11030,15.21140,0.12300,1.03010,1.27460,70.61040,3.83890,-13.03480,1.84050,2.12980,9.86660,0.2746,0.2149
2024-03-31,575.00000,330.00000,245.00000,18.10000,149.10000,167.20000,77.80000,-8.30000,69.50000,13.50000,56.00000,56.00000,,56.00000,118.10000,77.80000,241.80000,242.50000,0.23000,0.23000,3.62510,0.45060,0.82520,42.60870,13.53040,13.53040,12.08700,9.73910,0.11710,1.03420,1.25270,71.84350,2.39390,-6.97390,1.14000,1.31510,9.66650,0.24000,0.16160
2023-12-31,573.39990,353.09990,220.30000,13.80000,151.00000,164.80000,55.50000,-17.90000,37.60000,-40.40000,78.00000,78.00000,-0.80000,77.10000,97.50000,55.50010,241.40000,241.80000,0.32000,0.32000,3.24170,0.45040,0.82430,38.42000,9.67910,9.67910,6.55740,13.44610,0.11530,1.18130,1.24170,72.48340,3.32720,-8.94800,1.56810,1.82870,9.70320,0.4613,0.3936
2023-09-30,599.30000,357.40000,241.90000,12.90000,149.90000,242.80000,-0.90000,-15.50000,-16.40000,15.30000,-31.70000,-31.70000,,-31.80000,123.60000,-0.90000,241.50000,241.50000,-0.13000,-0.13000,3.44970,0.47450,0.90790,40.36380,-0.15020,-0.15020,-2.73650,-5.30620,0.12060,1.10720,1.33330,67.50380,-1.41130,3.42740,-0.63800,-0.74170,9.29720,0.3623,0.3105
2023-06-30,586.10000,357.60000,228.50000,28.90000,147.00000,175.90000,52.60000,-4.60000,48.00000,21.20000,26.80000,26.80000,2.90000,29.90000,93.70000,52.60000,241.40000,241.70000,0.12000,0.12000,3.32320,0.46660,0.87980,38.98650,8.97460,8.97460,8.18970,5.10150,0.11580,1.07450,1.29610,69.43870,1.15530,-2.65770,0.52950,0.61620,9.60540,0.3348,0.2777
2023-03-31,574.40000,346.60000,227.80000,12.50000,148.90000,161.40000,66.40000,-6.50000,59.90000,16.90000,43.00000,43.00000,,42.90000,105.50000,66.40000,241.10000,241.80000,0.18000,0.18000,3.60250,0.44250,0.79850,39.65880,11.55990,11.55990,10.42830,7.46870,0.11660,1.07640,1.24520,72.27890,1.81340,-5.15030,0.87280,1.01100,9.82310,0.22130,0.18570
2022-12-31,573.79990,355.80000,217.99990,10.60000,147.30000,157.90000,60.09990,-21.80000,38.30000,25.40000,12.90000,12.90000,,12.70000,99.39990,60.09980,245.10000,245.80000,0.05000,0.05000,3.45150,0.44500,0.80680,37.99240,10.47400,10.47400,6.67480,2.21330,0.11700,1.22390,1.25890,71.49180,0.54910,-1.48410,0.26310,0.30480,9.75540,0.4062,0.3513
2022-09-30,618.50000,396.60000,221.90000,11.30000,131.40000,142.70000,79.20000,-9.40000,69.80000,16.50000,53.30000,53.30000,,53.20000,119.00000,79.20000,244.70000,245.00000,0.22000,0.22000,3.32940,0.45010,0.82380,35.87710,12.80520,12.80520,11.28540,8.60150,0.12700,1.27980,1.32270,68.04200,2.31270,-6.45590,1.09450,1.27160,9.49220,0.52,0.474
2022-06-30,676.90000,427.10000,249.80000,12.80000,146.50000,159.30000,90.50000,-3.00000,87.50000,23.90000,63.60000,63.60000,1.80000,65.20000,131.10000,90.50000,247.10000,247.50000,0.26000,0.26000,3.13370,0.43900,0.78810,36.90350,13.36980,13.36980,12.92660,9.63210,0.13510,1.26470,1.28420,70.08270,2.63330,-7.25120,1.26950,1.47730,9.82590,0.3001,0.2642
2022-03-31,680.20000,417.20000,263.00000,14.10000,153.40000,167.50000,95.50000,-19.10000,76.40000,20.00000,56.40000,56.40000,,56.10000,137.10000,95.50000,247.30000,249.20000,0.23000,0.23000,3.04450,0.42950,0.75820,38.66510,14.04000,14.04000,11.23200,8.24760,0.13260,1.29000,1.25780,71.55540,2.24390,-6.03340,1.09970,1.28020,10.14330,-0.02250,-0.06060
2021-12-31,646.90010,410.10010,236.80010,12.90000,163.40000,176.29990,60.50020,-22.60000,37.90000,31.80000,6.10000,6.10000,-1.70000,3.90000,103.70020,60.50020,247.40000,247.90000,0.01000,0.01000,2.92510,0.43100,0.76250,36.60530,9.35230,9.35230,5.85870,0.60290,0.12590,1.49450,1.31430,68.47730,0.24390,-0.62110,0.11870,0.13880,10.13700,0.4896,0.4146
2021-09-30,616.20000,371.70000,244.50000,12.50000,163.50000,176.00000,68.50000,-15.30000,53.20000,17.30000,35.90000,35.90000,,36.00000,110.00000,68.50000,247.60000,248.00000,0.15000,0.15000,2.87940,0.43000,0.75950,39.67870,11.11650,11.11650,8.63360,5.84230,0.11890,1.17480,1.21510,74.06520,1.42740,-3.54600,0.69270,0.81360,10.16200,0.3696,0.3277
2021-06-30,586.60000,348.10000,238.50000,12.80000,154.70000,167.50000,71.00000,-23.80000,47.20000,-31.90000,79.10000,79.10000,2.00000,81.10000,111.10000,71.00000,247.50000,247.90000,0.33000,0.33000,3.22080,0.37890,0.61310,40.65800,12.10370,12.10370,8.04640,13.82540,0.12630,1.24140,1.30360,69.04190,3.20460,-12.70480,1.70330,1.99040,9.96890,0.3247,0.2891
2021-03-31,550.10000,309.10000,241.00000,11.50000,129.60000,141.10000,99.90000,13.50000,113.40000,31.10000,82.30000,82.30000,,82.30000,139.00000,99.90000,247.20000,248.60000,0.33000,0.33000,3.34410,0.39090,0.64500,43.81020,18.16030,18.16030,20.61440,14.96090,0.12290,1.26990,1.30260,69.09110,3.50540,-11.84860,1.83840,2.13500,9.48610,0.13110,0.09690
2020-12-31,536.60000,313.90000,222.70000,11.40000,131.30000,142.70000,80.00000,-8.40000,71.60000,41.70000,29.90000,29.90000,0.00000,29.90000,120.90000,80.00000,248.80000,249.90000,0.11000,0.11000,3.14950,0.39420,0.65380,41.50210,14.90870,14.90870,13.34330,5.57210,0.11970,1.54550,1.33020,67.65930,1.28990,-3.78240,0.66690,0.78150,9.38120,0.3244,0.2963
2020-09-30,477.50000,274.00000,203.50000,10.10000,134.80000,144.90000,58.60000,-69.70000,-11.10000,-47.30000,36.20000,36.20000,-0.20000,36.00000,99.80000,58.60000,248.90000,249.10000,0.15000,0.15000,3.13030,0.40230,0.67650,42.61780,12.27230,12.27230,-2.32460,7.53930,0.11040,1.29310,1.30460,68.98430,1.61390,-4.48740,0.83660,0.96460,9.01890,0.2792,0.2531
2020-06-30,387.00000,224.50000,162.50000,9.60000,113.40000,123.00000,39.50000,-31.40000,8.10000,5.80000,2.30000,2.30000,-1.10000,1.20000,78.90000,39.50000,248.80000,249.00000,0.01000,0.01000,3.41640,0.41220,0.70470,41.98970,10.20670,10.20670,2.09300,0.31010,0.09170,1.06500,1.24920,72.04650,0.10670,-0.27140,0.05450,0.06270,8.66200,0.2579,0.2454
2020-03-31,452.60000,255.30000,197.30000,17.50000,125.20000,142.70000,54.60000,-42.10000,12.50000,4.10000,8.40000,8.40000,0.20000,8.60000,94.50000,54.60000,250.30000,252.00000,0.03000,0.03000,1.90320,0.41390,0.85920,43.59260,12.06360,12.06360,2.76180,1.90010,0.09920,1.19800,1.27820,70.41320,0.39230,-0.95420,0.18410,0.22990,8.61040,0.24290,0.20120
2019-12-31,454.70000,263.40000,191.30000,10.30000,99.40000,109.70000,81.60000,14.10000,95.70000,21.30000,74.40000,74.40000,0.10000,74.40000,120.49990,81.60010,257.60000,260.10000,0.29000,0.28000,2.83660,0.40540,0.68540,42.07170,17.94590,17.94590,21.04690,16.36240,0.10510,1.31960,1.24950,72.02770,3.35240,-8.22370,1.72050,1.99330,8.87370,0.2951,0.2701
2019-09-30,464.70000,259.00000,205.70000,10.00000,128.80000,138.80000,66.90000,-15.70000,51.20000,57.20000,-6.00000,-6.00000,-0.90000,-6.90000,105.20000,66.90000,254.40000,254.40000,-0.03000,-0.03000,2.93410,0.41660,0.71780,44.26510,14.39640,14.39640,11.01790,-1.48480,0.10880,1.30810,1.26550,71.11690,-0.28300,0.65010,-0.14040,-0.16510,8.44480,0.3416,0.314
2019-06-30,456.70000,263.70000,193.00000,11.10000,126.40000,137.50000,55.50000,-47.60000,7.90000,-6.80000,14.70000,14.70000,-13.30000,1.50000,94.30000,55.50000,257.30000,259.60000,0.01000,0.01000,2.74050,0.40450,0.70500,42.25970,12.15240,12.15240,1.72980,0.32840,0.10290,1.30800,1.21880,73.84060,0.65880,-1.60880,0.33110,0.39240,8.69520,0.1397,0.1208
2019-03-31,459.80000,261.50000,198.30000,10.80000,142.40000,153.20000,45.10000,-59.00000,-13.90000,-10.40000,-3.50000,-3.50000,27.40000,23.20000,83.80000,45.10000,268.20000,268.20000,0.09000,0.09000,2.19620,0.40210,0.72920,43.12750,9.80860,9.80860,-3.02310,5.04570,0.10060,1.29200,1.20900,74.43890,-0.15520,0.37390,-0.07650,-0.09280,8.75810,-0.11930,-0.14430
2018-12-31,478.40000,276.20000,202.20000,11.20000,120.20000,131.40000,70.80000,-82.30000,-11.50000,2.70000,-14.20000,-14.20000,50.40000,35.20000,109.00000,70.80000,288.40000,288.40000,0.12000,0.12000,2.17260,0.71040,2.46480,42.26590,14.79930,14.79930,-2.40380,7.35790,0.05090,1.46840,1.25100,71.93980,-0.65100,1.38400,-0.15100,-0.18850,7.54710,0.0888,0.067
2018-09-30,488.50000,278.90000,209.60000,10.50000,139.50000,150.00000,59.60000,-82.70000,-23.10000,-18.80000,-4.30000,-4.30000,-401.60000,-408.90000,98.30000,59.60000,288.20000,288.20000,-1.42000,-1.42000,2.19000,0.71850,2.55290,42.90690,12.20060,12.20060,-4.72880,-83.70520,0.05200,1.32680,1.22030,73.75030,-0.20370,0.38040,-0.04580,-0.05730,7.32330,-0.0475,-0.077
2018-06-30,501.60000,286.90000,214.70000,11.20000,144.30000,155.50000,59.20000,-78.80000,-19.60000,30.00000,-49.60000,-49.60000,61.40000,12.00000,98.80000,59.20000,288.20000,288.20000,0.04000,0.04000,2.11020,0.67470,2.12750,42.80300,11.80220,11.80220,-3.90750,2.39230,0.05030,0.49140,0.40350,223.04430,-1.90450,1.14390,-0.49710,-0.61950,9.03680,0.1275,0.0247
2018-03-31,492.50000,281.40000,211.10000,11.40000,140.80000,152.20000,58.90000,-57.90000,1.00000,9.90000,-8.90000,-8.90000,46.90000,37.30000,99.10000,58.90000,287.90000,287.90000,0.13000,0.13000,2.06600,0.64940,1.89130,42.86300,11.95940,11.95940,0.20300,7.57360,0.04670,0.46010,0.38200,235.62640,-0.30000,0.20060,-0.08440,-0.10520,10.29850,-0.17160,-0.10140
2017-12-31,488.60000,276.40000,212.20000,12.60000,147.00000,159.60000,52.60000,-160.20000,-107.60000,-88.80000,-18.80000,-18.80000,-126.90000,-141.50000,92.10000,52.60000,287.20000,287.40000,-0.49000,-0.49000,2.14400,0.65530,1.90460,43.43020,10.76550,10.76550,-22.02210,-28.96030,0.04770,1.48280,1.22210,73.64310,-0.65730,3.39720,-0.18340,-0.22660,9.95130,0.1074,0.0949
2017-09-30,480.60000,272.40000,208.20000,11.20000,140.20000,151.40000,56.80000,-95.30000,-38.50000,-1.60000,-36.90000,-36.90000,-29.40000,-69.20000,0.40000,56.80000,286.70000,286.70000,-0.24000,-0.24000,2.04980,0.63850,1.79630,43.32090,11.81860,11.81860,-8.01080,-14.39870,0.04600,0.48930,0.42380,212.34080,-1.22230,0.81240,-0.35350,-0.44180,10.51520,-0.1907,-0.1403
2017-06-30,941.10000,541.20000,399.90000,25.10000,284.30000,309.40000,90.50000,-139.40000,-48.90000,11.10000,-60.00000,-60.00000,,-61.10000,177.50000,90.50000,286.10000,286.10000,-0.21000,-0.21000,1.94410,0.64100,1.84940,42.49280,9.61640,9.61640,-5.19600,-6.49240,0.09060,1.00860,0.80560,111.71820,-2.03230,1.33130,-0.57770,-0.72960,10.31190,0.3837,0.3498
2017-03-31,861.80000,483.40000,378.40000,21.60000,257.40000,279.00000,99.40000,-104.30000,-4.90000,18.70000,-23.60000,-23.60000,,-24.40000,185.30000,99.40000,284.50000,284.50000,-0.09000,-0.09000,1.87820,0.62770,1.75400,43.90810,11.53400,11.53400,-0.56860,-2.83130,0.08330,0.93560,0.72450,124.22260,-0.77380,0.52900,-0.22800,-0.28810,10.67520,-0.41970,-0.47210
2016-12-31,-865.80000,-531.40000,-334.40000,-16.30000,-227.20000,-196.90000,-137.49990,-83.40000,-220.90000,-107.00000,-113.90000,-113.90000,,-1.90000,-190.09990,-137.49990,243.30000,272.30000,0.01000,0.13000,1.91300,0.63930,1.81290,38.62320,15.88130,15.88130,25.51400,0.21940,-0.08610,-1.27620,-0.82080,-109.64660,-3.94140,2.51860,-1.13290,-1.42150,10.16820,-0.0489,-0.0573
2016-09-30,890.50000,515.40000,375.10000,20.90000,274.30000,295.20000,79.90000,6.40000,86.30000,20.40000,65.90000,65.90000,,104.70000,166.80000,79.90000,234.40000,264.50000,0.45000,-0.15000,1.65830,0.62940,1.72480,42.12240,8.97250,8.97250,9.69120,11.75740,0.08150,0.91330,0.78050,115.31720,2.15340,-1.40240,0.60310,0.79810,10.99160,0.4028,0.3717
2016-06-30,921.60000,541.00000,380.60000,20.50000,265.20000,285.70000,94.90000,-76.10000,18.80000,26.90000,-8.10000,-8.10000,,-8.80000,180.30000,94.90000,229.60000,229.60000,-0.04000,-0.04000,1.99670,0.66890,2.08290,41.29770,10.29730,10.29730,2.03990,-0.95490,0.08640,0.94460,0.77990,115.40040,-0.31540,0.15410,-0.07590,-0.10440,11.18440,0.4233,0.4281
2016-03-31,823.80000,467.80000,356.00000,19.90000,284.00000,303.90000,52.10000,-168.10000,-116.00000,18.40000,-134.40000,-134.40000,,-134.80000,134.70000,52.10000,229.50000,229.50000,-0.59000,-0.59000,1.95310,0.68050,2.20700,43.21440,6.32440,6.32440,-14.08110,-16.36320,0.07780,0.76380,0.70240,128.12820,-5.48550,2.55930,-1.26880,-1.75260,10.67470,-0.91680,-0.96730
2015-12-31,735.10000,461.60000,273.50000,14.90000,264.50000,279.40020,-5.90020,-108.30000,-114.20000,15.20000,-129.40000,-129.40000,,-129.60000,68.79980,-5.90010,203.20000,203.20000,-0.66000,-0.66000,2.10620,0.69470,2.29990,37.20580,-0.80260,-0.80260,-15.53530,-17.63030,0.07210,0.95250,0.71860,125.24830,-5.69220,2.55580,-1.26980,-1.73760,9.90700,0.9576,0.9437
2015-09-30,597.30000,354.60000,242.70000,16.60000,194.80000,211.40000,31.30000,-135.50000,-104.20000,35.40000,-139.60000,-139.60000,,-140.10000,88.90000,31.30000,210.90000,210.90000,-0.66000,-0.66000,2.39630,0.59990,1.51550,40.63290,5.24020,5.24020,-17.44520,-23.45560,0.07400,0.75950,0.63310,142.14970,-6.15440,4.42950,-1.72860,-2.46220,10.75640,0.1014,0.1585
2015-06-30,675.10000,406.50000,268.60000,18.40000,206.20000,224.60000,44.00000,-53.30000,-9.30000,-0.20000,-9.10000,-9.10000,,-12.20000,44.00000,44.00000,192.80000,192.80000,-0.06000,-0.06000,2.78240,0.55310,1.25190,39.78670,6.51760,6.51760,-1.37760,-1.80710,0.07900,0.86490,0.64290,139.99260,-0.33110,0.29920,-0.10650,-0.14800,13.03470,0.5056,0.4621
2015-03-31,534.80000,327.70000,207.10000,12.90000,192.00000,204.90000,2.20000,-3.80000,-1.60000,24.70000,-26.30000,-26.30000,,-26.70000,2.20000,2.20000,191.90000,191.90000,-0.14000,-0.14000,1.98450,0.61690,1.70150,38.72480,0.41140,0.41140,-0.29920,-4.99250,0.06630,0.71100,0.50740,177.39160,-1.23670,0.74050,-0.32600,-0.47380,11.06380,0.01460,-0.09380
2014-12-31,273.60000,161.10000,112.50000,7.70000,128.20000,135.90000,-23.40000,-13.40000,-36.80000,-3.10000,-33.70000,-33.70000,,-266.70000,-23.40000,-23.40000,135.30000,135.30000,-1.95690,-1.94690,6.54960,0.35300,0.55070,41.11840,-8.55260,-8.55260,-13.45030,-97.47810,0.06020,0.78280,0.83590,107.66450,-1.32020,17.35320,-0.74110,-0.85420,14.02010,0.2052,0.1174
2014-09-30,196.80000,93.60000,103.20000,6.40000,73.50000,79.90000,23.30000,-11.00000,12.30000,-1.60000,13.90000,13.90000,,11.90000,23.30000,23.30000,137.30000,152.70000,0.09000,0.08000,6.45180,0.31860,0.47250,52.43900,11.83940,11.83940,6.25000,6.04670,0.07210,1.18000,1.35640,66.35440,0.88000,-24.37920,0.50920,0.59960,11.50430,0.138,0.1293
2014-06-30,189.10000,92.40000,96.70000,5.90000,85.20000,91.10000,5.60000,-8.20000,-2.60000,-4.10000,1.50000,1.50000,,-0.40000,5.60000,5.60000,128.60000,128.60000,-0.00310,-0.00310,7.71340,0.31290,0.46020,51.13700,2.96140,2.96140,-1.37490,-0.21150,0.06830,1.14770,1.33160,67.58850,0.09220,-1.93310,0.05420,0.06340,11.84490,0.1858,0.1686
2014-03-31,183.70000,99.50000,84.20000,6.20000,74.00000,80.20000,4.00000,-7.80000,-3.80000,2.10000,-5.90000,-5.90000,,-7.40000,4.00000,4.00000,107.20000,107.20000,-0.07000,-0.07000,5.22010,0.36280,0.57530,45.83560,2.17750,2.17750,-2.06860,-4.02830,0.07670,1.24580,1.29930,69.26820,-0.45250,1.62400,-0.24640,-0.28830,10.84530,0.19680,0.17820
2013-12-31,-442.35000,-189.22000,-253.13000,2.40000,56.25000,58.65000,-311.78000,54.00000,-241.82000,-26.72000,-215.10000,-215.09000,0.00000,-213.37000,-310.96400,-311.78000,92.60000,92.60000,-2.20000,-2.20000,3.20380,0.40030,0.67460,-7.68850,70.48270,70.48270,54.66710,48.23560,-0.19570,-2.11180,-3.14840,-28.58600,-19.28890,36.14960,-9.51640,-11.56770,10.76640,-0.1219,-0.1176
2013-09-30,188.43300,89.46100,98.97200,5.67800,59.20900,65.12500,33.84700,-17.05700,16.79000,6.86400,9.92600,9.92600,,8.75900,46.12000,33.84700,88.52900,88.52900,0.10000,0.10000,,,,52.52370,17.96240,17.96240,8.91030,4.64830,,,,,,,,,,0.7273,0.6497
2013-06-30,189.99200,93.45100,96.54100,5.87400,53.98900,59.90900,36.63200,-34.63600,1.99600,7.76000,-5.76400,-5.76400,,-15.13300,46.48600,36.63200,,,,0.00000,,,,50.81320,19.28080,19.28080,1.05060,-7.96510,,,,,,,,,,0,0
2013-03-31,182.13200,88.81800,93.31400,5.95200,55.98000,63.53800,29.77600,-8.13100,21.64500,6.30800,15.33700,15.33700,,15.24800,39.66300,29.77600,,,,0.00000,,,,51.23430,16.34860,16.34860,11.88420,8.37200,,,,,,,,,,0.00000,
2012-12-31,,,,,,,,,,,,,,,,,,,,0.00000,,,,,,,,,,,,,,,,,,0,0
2011-12-31,,,,,,,,,,,,,,,,,,,,0.00000,,,,,,,,,,,,,,,,,,0,0
