Date,revenue,cost-goods-sold,gross-profit,selling-general-administrative-expenses,other-operating-income-expenses,operating-expenses,operating-income,total-non-operating-income-expense,pre-tax-income,total-provision-income-taxes,income-after-taxes,income-from-continuous-operations,income-from-discontinued-operations,net-income,ebitda,ebit,basic-shares-outstanding,shares-outstanding,eps-basic-net-earnings-per-share,eps-earnings-per-share-diluted,current-ratio,long-term-debt-capital,debt-equity-ratio,gross-margin,operating-margin,ebit-margin,pre-tax-profit-margin,net-profit-margin,asset-turnover,receiveable-turnover,days-sales-in-receivables,roe,return-on-tangible-equity,roa,roi,book-value-per-share,operating-cash-flow-per-share,free-cash-flow-per-share
2024-09-30,1224.66800,16.23900,1208.42900,856.55900,-122.21500,978.77400,229.65500,-12.99700,216.65800,58.15300,158.50500,158.50500,,149.18500,,229.65500,103.96600,110.99400,1.43000,1.34000,,,,,,,,,,,,,,,,,,
2024-06-30,1217.93200,48.18100,1169.75100,826.95400,-115.90300,942.85700,226.89400,,226.89400,61.60000,165.29400,165.29400,,155.97300,291.69700,226.89400,104.15000,110.28500,1.50000,1.41000,0.83900,0.24700,0.44560,96.04400,18.62950,18.62950,18.62950,12.80640,0.03220,0.96210,93.54080,3.50700,4.25080,0.43720,2.30560,52.65620,1.8942,1.9219
2024-03-31,1163.03800,15.76700,1147.27100,815.77400,-112.80600,928.58000,218.69090,,218.69100,55.11600,163.57500,163.57500,,154.25500,279.48290,218.69090,104.27500,109.98500,1.48000,1.40000,0.83990,0.23300,0.43320,98.64430,18.80340,18.80340,18.80340,13.26310,0.03040,0.75820,118.69650,3.56450,4.35230,0.42760,2.37880,51.37840,-5.54370,-5.63130
2023-12-31,1146.37900,-15.47800,1161.85700,840.80820,-115.05400,955.86240,205.99450,,205.99500,43.51100,162.48400,162.48400,,153.16400,273.41150,205.99470,106.66100,113.45300,1.48000,1.38000,0.84470,0.23130,0.39490,101.35010,17.96920,17.96920,17.96920,13.36070,0.03040,0.91300,98.57870,3.52500,4.30660,0.43070,2.35900,52.38800,2.421,2.3076
2023-09-30,1045.05100,14.41300,1030.63800,743.89800,-177.31100,921.20890,109.42910,,109.42900,41.26800,68.16100,68.16100,,58.84000,165.61910,109.42910,106.06800,113.19500,0.55000,0.52000,0.83130,0.23210,0.41250,98.62080,10.47120,10.47120,10.47120,5.63030,0.02760,0.83690,107.53670,1.49550,1.83420,0.18000,0.99840,50.83970,2.0356,1.9258
2023-06-30,1050.72100,44.96900,1005.75200,714.38300,-109.98400,824.36700,181.38490,,181.38500,47.03300,134.35200,134.35200,,125.03200,238.41200,181.38490,107.94400,113.86400,1.16000,1.10000,0.82580,0.21850,0.40410,95.72020,17.26290,17.26290,17.26290,11.89960,0.02820,0.87610,102.72940,2.88430,3.50460,0.36020,1.96520,50.93940,3.2817,3.1804
2023-03-31,1106.79300,14.44000,1092.35300,779.46600,-103.00400,882.47000,209.88290,,209.88300,52.34400,157.53900,157.53900,,148.21900,265.80890,209.88290,108.75400,115.39000,1.36000,1.28000,0.83480,0.23150,0.42390,98.69530,18.96320,18.96320,18.96320,13.39180,0.02870,0.78130,115.18890,3.39350,4.12950,0.40820,2.27270,50.17700,-3.33710,-3.47070
2022-12-31,1121.64700,13.18300,1108.46400,773.91090,-100.85600,874.76720,233.69670,,233.69700,57.07600,176.62100,176.62100,,167.30100,288.43970,233.69690,108.84800,117.54000,1.55000,1.43000,0.82400,0.20650,0.34560,98.82470,20.83510,20.83520,20.83520,14.91570,0.03020,0.83550,107.71920,3.80360,4.56230,0.47480,2.63020,50.57970,7.2893,6.9722
2022-09-30,1045.13900,13.57600,1031.56300,732.92500,-92.86900,825.79400,205.76900,,205.76900,54.60000,151.16900,151.16900,,141.84900,258.59410,205.76900,108.76700,117.21800,1.30000,1.21000,0.82180,0.21500,0.39590,98.70100,19.68820,19.68820,19.68820,13.57230,0.02780,0.58930,152.72350,3.32800,4.00680,0.40190,2.27000,49.21020,4.5919,4.4362
2022-06-30,1108.12600,15.10600,1093.02000,774.60500,-99.87400,874.47900,218.54100,,218.54100,57.72500,160.81600,160.81600,,151.49500,271.85300,218.54100,109.08300,117.40000,1.39000,1.29000,0.81110,0.22920,0.45590,98.63680,19.72170,19.72170,19.72170,13.67130,0.03040,0.64360,139.84850,3.62220,4.36930,0.44090,2.41870,48.27100,3.6848,3.5641
2022-03-31,1116.52700,15.88700,1100.64000,793.17300,-80.35800,873.53100,227.10900,,227.10900,53.56000,173.54900,173.54900,,164.22900,280.60700,227.10900,109.20500,118.14000,1.50000,1.39000,0.82710,0.25520,0.52890,98.57710,20.34070,20.34070,20.34070,14.70890,0.03180,0.55750,161.44930,3.97200,4.81490,0.49460,2.55730,47.40260,-5.71900,-5.82590
2021-12-31,1304.22500,15.25700,1288.96800,874.95300,-95.35300,970.30570,318.66220,,318.66210,57.27200,261.39010,261.39010,,252.07000,370.62520,318.66220,107.53600,118.53000,2.35000,2.12000,0.81010,0.23640,0.45980,98.83020,24.43310,24.43310,24.43310,19.32720,0.03830,0.75510,119.18340,6.00900,7.30160,0.76770,3.96410,48.18190,2.5403,3.6662
2021-09-30,1144.93800,14.74400,1130.19400,784.97710,-88.71500,873.69200,256.50200,,256.50200,64.12600,192.37600,192.37600,,182.68700,305.40590,256.50200,107.37900,118.47500,1.70000,1.54000,0.77170,0.22870,0.44700,98.71220,22.40310,22.40310,22.40310,15.95610,0.03710,0.71100,126.57720,4.68490,5.52600,0.62420,3.09690,45.95420,8.4934,7.2495
2021-06-30,1153.13600,13.97700,1139.15900,804.33300,-70.80100,875.13400,264.02500,,264.02500,65.94800,198.07700,198.07700,,189.78800,312.01790,264.02500,107.83700,118.60200,1.76000,1.60000,0.76780,0.25950,0.53870,98.78790,22.89630,22.89630,22.89630,16.45840,0.03880,0.57120,157.56560,4.98460,6.20160,0.66590,3.25300,42.99610,0.7369,0.6145
2021-03-31,1134.78900,15.70300,1119.08600,811.77100,-79.42300,891.19400,227.89200,,227.89200,54.87700,173.01500,173.01500,,164.72600,274.52600,227.89200,107.74600,117.87500,1.53000,1.40000,0.74990,0.24230,0.46900,98.61620,20.08230,20.08230,20.08230,14.51600,0.04030,0.64290,139.98460,4.57240,5.76760,0.61480,3.03550,41.04810,-4.41300,-4.50840
2020-12-31,1059.91000,12.68700,1047.22300,735.51590,-77.00600,812.52220,234.70070,,234.70090,46.23200,188.46900,188.46900,,180.79200,283.51380,234.70100,106.17400,114.57300,1.72000,1.56000,0.75500,0.24340,0.42500,98.80300,22.14350,22.14350,22.14350,17.05730,0.03980,0.71330,126.17980,5.08860,6.46380,0.70840,3.36420,41.09360,2.7749,2.7545
2020-09-30,883.30000,13.25400,870.04600,642.35900,-69.29400,711.65300,158.39290,,158.39300,37.86600,120.52700,120.52700,,110.63000,203.00790,158.39290,105.94100,113.77500,1.04000,0.97000,0.76910,0.29100,0.55930,98.49950,17.93200,17.93200,17.93200,12.52460,0.03460,0.58910,152.76910,3.44790,4.45870,0.47170,2.12010,39.16460,3.6636,3.5721
2020-06-30,895.81700,15.17700,880.64000,656.48400,-81.19600,737.68000,142.96000,,142.96000,35.07300,107.88700,107.88700,,103.04400,186.38800,142.96000,105.79100,111.58100,0.97000,0.92000,0.77370,0.34160,0.67280,98.30580,15.95860,15.95860,15.95860,11.50280,0.03500,0.55390,162.48330,3.22140,4.22500,0.42100,1.82890,37.76250,8.1154,12.8221
2020-03-31,913.03400,14.84200,898.19200,684.37600,-98.71000,783.08600,115.10600,,115.10600,28.51700,86.58900,86.58900,,81.74500,163.45500,115.10600,106.92900,114.92900,0.76000,0.71000,0.74130,0.36570,0.76930,98.37440,12.60700,12.60700,12.60700,8.95310,0.03530,0.42000,214.30640,2.73990,4.06300,0.33440,1.58260,33.76850,-0.04950,-5.28460
2019-12-31,944.25100,11.50500,932.74600,671.15290,-99.00000,770.15290,162.59310,,162.59300,31.92500,130.66800,130.66800,,125.84700,210.39610,162.59310,107.99700,117.87800,1.15670,1.08000,0.74060,0.31900,0.64890,98.78160,17.21930,17.21930,17.21930,13.32770,0.03840,0.47700,188.68060,3.88920,5.64700,0.53100,2.42500,35.80560,5.0338,4.6865
2019-09-30,821.57200,10.54200,811.03000,581.62600,-78.65000,660.27610,150.75400,,150.75400,40.63200,110.12200,110.12200,,104.57000,198.71800,150.75400,106.79550,117.21600,0.98000,0.89330,0.74370,0.34710,0.78630,98.71690,18.34950,18.34950,18.34950,12.72800,0.03400,0.39710,226.61680,3.39070,4.82320,0.45580,2.02080,34.43630,2.901,2.766
2019-06-30,800.78700,11.00800,789.77900,562.98500,-78.81200,641.79710,147.98190,,147.98200,38.22500,109.75700,109.75700,,103.79700,191.67490,147.98190,108.77850,118.61850,0.95330,0.87330,0.74230,0.38770,0.90750,98.62540,18.47960,18.47960,18.47960,12.96190,0.03290,0.37890,237.51080,3.45650,4.75270,0.45090,1.92830,33.28770,0.4706,0.2267
2019-03-31,770.42000,10.95600,759.46400,552.67300,-68.98200,621.65500,137.80900,,137.80900,38.37000,99.43900,99.43900,,96.86300,182.01500,137.80900,107.55000,118.81500,0.90000,0.81330,0.72180,0.38960,0.92350,98.57790,17.88750,17.88750,17.88750,12.57280,0.03190,0.39050,230.45420,3.18390,4.41310,0.41120,1.76790,32.22520,-3.08750,-3.70080
2018-12-31,793.44920,11.16900,782.28020,542.31900,-84.03000,626.34890,155.93120,,155.93100,41.86900,114.06200,114.06200,,111.71800,197.32420,155.93120,107.67900,121.98200,1.04330,0.91670,0.75150,0.42170,1.02560,98.59240,19.65230,19.65230,19.65230,14.08010,0.03240,0.46210,194.76310,3.74270,5.58240,0.46520,2.06270,30.10830,4.7344,4.1747
2018-09-30,738.34200,11.33800,727.00400,509.68900,-76.78500,586.47400,140.53000,,140.53000,36.67200,103.85800,103.85800,,101.51500,179.03500,140.53000,107.87850,122.22600,0.94000,0.83330,0.72230,0.46810,1.16840,98.46440,19.03320,19.03320,19.03320,13.74910,0.03110,0.34950,257.53720,3.44860,5.14930,0.43710,1.74720,28.87080,1.3678,1.3192
2018-06-30,742.73200,10.09500,732.63700,532.40500,-81.88500,614.29000,118.34700,,118.34700,31.06000,87.28700,87.28700,,84.94300,155.39400,118.34700,107.53800,121.94850,0.78670,0.69330,0.69710,0.46810,1.19990,98.64080,15.93400,15.93400,15.93400,11.43660,0.03290,0.35150,256.03050,3.11250,4.70790,0.38610,1.57140,27.63040,1.2698,1.2062
2018-03-31,750.35800,9.36500,740.99300,548.98710,-72.45200,621.43910,119.55390,,119.55400,30.79300,88.76100,88.76100,,86.41700,153.74290,119.55390,107.99850,122.68350,0.80000,0.70670,0.70190,0.46850,1.21040,98.75190,15.93290,15.93290,15.93290,11.51680,0.03460,0.37800,238.10940,3.20720,4.89230,0.40870,1.61690,27.04770,-3.03100,-3.06830
2017-12-31,804.08500,10.94500,793.14000,705.90700,-88.05300,793.96000,-0.82000,,-0.82000,1.16800,-1.98800,-1.98800,,-4.33200,34.53200,-0.82010,102.84300,121.55250,-0.04670,-0.04000,0.69320,0.44740,1.08190,98.63880,-0.10200,-0.10200,-0.10200,-0.53870,0.03760,0.43620,206.30690,-0.07330,-0.11150,-0.00930,-0.03840,26.92040,-1.7852,-1.843
2017-09-30,721.16900,11.23200,709.93700,540.48700,-61.31100,601.79800,108.13900,,108.13900,41.60300,66.53600,66.53600,,64.19300,149.63100,108.13900,102.78300,121.32150,0.62670,0.52670,0.67330,0.39160,0.89920,98.44250,14.99500,14.99500,14.99500,8.90120,0.03520,0.44350,202.91350,2.39130,3.59310,0.32480,1.38040,28.57380,2.8983,2.8637
2017-06-30,725.64700,11.23200,714.41500,545.96000,-85.25700,631.21700,83.19790,,83.19800,30.38700,52.81100,52.81100,,50.46700,118.97090,83.19790,102.83400,120.03150,0.49330,0.42000,0.68800,0.41310,0.95190,98.45210,11.46540,11.46540,11.46540,6.95480,0.03710,0.42110,213.74660,1.95940,3.00010,0.27040,1.08930,27.78000,2.3079,2.2344
2017-03-31,675.53100,10.72300,664.80800,522.77600,-63.01300,585.78900,79.01900,,79.01900,13.50700,65.51200,65.51200,,63.16800,118.46300,79.01900,102.57900,121.04250,0.61330,0.52000,0.68520,0.42720,1.01730,98.41270,11.69730,11.69730,11.69730,9.35090,0.03530,0.35760,251.68280,2.49290,3.88370,0.34240,1.35100,27.06360,2.17260,2.10640
2016-12-31,661.39100,9.66100,651.73000,507.89000,-88.94600,596.83610,54.89390,,54.89400,28.01400,26.88000,26.88000,,24.53700,115.38690,54.89400,100.30650,116.34450,0.24670,0.20000,0.70860,0.42320,0.98890,98.53930,8.29980,8.29980,8.29980,3.70990,0.03460,0.27100,332.12110,1.03850,1.61950,0.14050,0.56620,27.39460,-2.2504,-2.3096
2016-09-30,641.98600,10.77700,631.20900,527.87100,-75.35600,603.22700,27.98200,,27.98200,10.16800,17.81400,17.81400,,16.25100,64.72900,27.98200,99.72300,116.31600,0.16000,0.14000,0.71680,0.40850,0.93810,98.32130,4.35870,4.35870,4.35870,2.53140,0.03730,0.32230,279.25310,0.70090,1.10650,0.10350,0.39140,27.09810,2.247,2.188
2016-06-30,652.14500,12.14500,640.00000,556.19500,-68.01200,624.20700,15.79300,,15.79300,6.02200,9.77100,9.77100,,9.77100,48.91900,15.79300,100.18800,113.97300,0.10000,0.08670,0.75690,0.48280,1.18080,98.13770,2.42170,2.42170,2.42170,1.49830,0.04240,0.33950,265.10700,0.39230,0.68820,0.06350,0.20290,24.94110,-3.2508,-3.2939
2016-03-31,619.97400,11.73200,608.24200,505.02800,-59.30100,564.32900,43.91300,,43.91300,16.85800,27.05500,27.05500,,27.05500,78.13300,43.91300,101.36850,114.12900,0.26670,0.24000,0.75290,0.44540,1.08240,98.10770,7.08300,7.08300,7.08300,4.36390,0.04360,0.29490,305.16390,1.11940,2.00450,0.19030,0.62080,24.24610,-0.53980,-0.62100
2015-12-31,581.28610,10.89500,570.39110,495.28510,-64.02400,559.30910,11.08200,,11.08200,-0.09000,11.17200,11.17200,,11.17200,28.45900,11.08190,102.81450,117.83100,0.11330,0.08670,0.76810,0.34940,0.74630,98.12570,1.90650,1.90640,1.90650,1.92190,0.04360,0.26410,340.78640,0.44820,0.73810,0.08380,0.29160,24.79090,-2.2099,-2.2871
2015-09-30,591.57500,12.43000,579.14500,493.16500,-63.63200,556.79700,22.34800,,22.34800,5.16900,17.17900,17.17900,,17.17900,59.28600,22.34800,104.44950,119.63850,0.16670,0.14670,0.90550,0.29390,0.62180,97.89880,3.77770,3.77770,3.77770,2.90390,0.06320,0.43520,206.80500,0.68910,1.10850,0.18360,0.48650,24.41730,4.8889,4.6502
2015-06-30,597.75100,9.12400,588.62700,489.45800,-61.09800,550.55600,38.07100,,38.07100,17.18300,20.88800,20.88800,,20.88800,60.70200,38.07100,102.55500,116.78400,0.20670,0.18000,0.86620,0.25770,0.78760,98.47360,6.36900,6.36900,6.36900,3.49440,0.05900,0.37540,239.72250,0.82880,1.32750,0.20600,0.61520,24.23300,-2.3119,-2.4076
2015-03-31,560.98200,10.06900,550.91300,429.09700,-51.75000,480.84700,70.06600,,70.06600,26.96900,43.09700,43.09700,,43.09700,96.92100,70.06600,102.00900,116.03850,0.41330,0.37330,0.74920,0.25010,0.57280,98.20510,12.48990,12.48990,12.48990,7.68240,0.05980,0.56510,159.25040,1.82360,2.85530,0.45980,1.36750,23.21860,-2.58900,-2.77000
2014-12-31,578.10800,8.30700,569.80100,442.41100,-54.21000,496.62100,73.18010,,73.18000,25.12500,48.05500,48.05500,-2.87300,45.18200,100.24910,73.18010,99.70800,114.56400,0.44670,0.38670,0.74140,0.24330,0.57450,98.56310,12.65850,12.65860,12.65850,7.81550,0.06070,0.50940,176.69100,2.06950,3.26360,0.50490,1.56600,23.33610,2.6562,2.6184
2014-09-30,523.45500,9.97100,513.48400,400.51500,-47.20300,447.71800,65.76600,,65.76600,25.67300,40.09300,40.09300,-0.19000,39.90300,92.71700,65.76600,100.03650,115.02150,0.40000,0.34670,0.75060,0.27550,0.67640,98.09520,12.56380,12.56380,12.56380,7.62300,0.05610,0.43580,206.49770,1.79100,2.79500,0.42990,1.29760,22.61330,3.0198,2.9319
2014-06-30,560.10500,9.24800,550.85700,424.36300,-52.07500,476.43800,74.41900,,74.41900,30.81900,43.60000,43.60000,,43.60000,101.77900,74.41900,99.45300,113.46150,0.44000,0.38670,0.70460,0.24290,0.80550,98.34890,13.28660,13.28660,13.28660,7.78430,0.05850,0.43320,207.74840,2.00630,3.13250,0.45540,1.51900,22.11730,-0.512,-0.5621
2014-03-31,546.75600,9.02900,537.72700,412.60900,-47.68900,460.29800,77.42900,,77.42900,30.04700,47.38200,47.38200,,47.38200,108.27700,77.42900,99.05550,113.53650,0.48000,0.42000,0.66730,0.23740,0.84930,98.34860,14.16150,14.16150,14.16150,8.66600,0.05820,0.48910,184.02630,2.25610,3.57690,0.50470,1.72060,21.38890,-2.97950,-3.03610
2013-12-31,562.52500,8.44800,554.07700,421.07700,-55.01200,476.08900,77.98800,,77.98800,25.86200,52.12600,52.12600,-3.85700,48.26900,114.11500,77.98800,95.35200,110.25600,0.51330,0.44000,0.64750,0.24590,0.58680,98.49820,13.86390,13.86390,13.86390,8.58080,0.06240,0.61710,145.83730,2.53180,4.06720,0.57860,1.90930,21.53280,2.5289,2.4229
2013-09-30,478.63900,10.15000,468.48900,393.43000,-44.05100,437.48100,31.00800,,31.00800,-43.92100,74.92900,74.92900,-5.23900,69.69000,62.24200,31.00800,97.05900,112.78650,0.72000,0.62000,0.63490,0.25840,0.66370,97.87940,6.47840,6.47840,6.47840,14.56000,0.05500,0.44680,201.41210,3.75680,6.12290,0.86030,2.78590,20.97060,3.0315,2.9644
2013-06-30,493.67800,9.79000,483.88800,383.98500,-47.32800,431.31300,52.57500,,52.57500,21.65900,30.91600,30.91600,-1.48100,29.43500,83.00600,52.57500,96.75750,111.13500,0.30670,0.26670,0.59090,0.24650,0.84740,98.01690,10.64970,10.64970,10.64970,5.96240,0.05810,0.38260,235.26080,1.62890,2.74810,0.36400,1.22740,20.03150,0.2649,0.1927
2013-03-31,438.60400,8.83700,429.76700,370.88800,-35.22100,406.10900,23.65800,,23.65800,8.72200,14.93600,14.93600,-0.31700,14.61900,45.23600,23.65800,90.08100,103.78350,0.16000,0.14000,0.64220,0.23100,0.90910,97.98520,5.39390,5.39390,5.39390,3.33310,0.05390,0.40930,219.86860,0.78460,1.30720,0.18360,0.60330,20.07960,0.54370,0.49620
2012-12-31,405.21610,6.40900,398.80710,302.93700,-30.42500,333.36190,65.44510,,65.44500,18.49200,46.95300,46.95300,-6.99900,39.95400,94.13410,65.44510,80.34450,94.40550,0.50000,0.42000,0.62530,0.28880,0.83920,98.41830,16.15070,16.15070,16.15060,9.85990,0.05820,0.53040,169.68390,3.14140,4.48750,0.67400,2.23430,18.15340,-2.2633,-2.3167
2012-09-30,414.15700,7.84200,406.31500,316.61500,-28.52600,345.14100,61.17400,,61.17400,23.74000,37.43400,37.43400,0.27600,37.71000,88.80600,61.17400,80.40150,94.58100,0.46670,0.40000,0.59010,0.19050,0.56320,98.10650,14.77070,14.77070,14.77070,9.10520,0.06750,0.56600,159.01690,2.62300,3.61600,0.60970,2.12320,17.73210,2.685,2.628
2012-06-30,374.40700,7.74700,366.66000,292.49100,-30.29500,322.78600,43.87400,,43.87400,17.73800,26.13600,26.13600,,26.13600,70.48000,43.87400,80.35350,94.01700,0.32670,0.28000,0.68000,0.23040,0.80510,97.93090,11.71830,11.71830,11.71830,6.98060,0.06100,0.42580,211.35780,1.90520,2.67030,0.42580,1.46610,17.08090,-1.2024,-1.2499
2012-03-31,400.33300,7.61200,392.72100,305.86800,-27.59900,333.46700,59.25400,,59.25400,24.48100,34.77300,34.77300,,34.77300,84.58900,59.25400,79.86450,94.00350,0.43330,0.36670,0.64300,0.22930,0.63650,98.09860,14.80120,14.80120,14.80120,8.68600,0.07320,0.49640,181.31920,2.58930,3.65490,0.63620,1.99550,16.70540,-2.01860,-2.06020
2011-12-31,333.38400,4.48000,328.90400,263.35310,-20.98400,284.33690,44.56710,,44.56700,17.41600,27.15100,27.15100,,27.01600,72.67510,44.56710,78.62700,94.58700,0.34670,0.29330,0.62690,0.11110,0.48300,98.65620,13.36810,13.36810,13.36810,8.10360,0.06730,0.41020,219.38320,2.08520,2.98610,0.54830,1.85360,16.21110,1.8478,1.56
2011-09-30,334.21400,7.40000,326.81400,260.32500,-27.46600,287.79100,39.02300,,39.02300,16.71900,22.30400,22.30400,,22.30400,64.16800,39.02300,78.55050,94.72800,0.28670,0.23330,0.62470,0.09690,0.56910,97.78590,11.67610,11.67610,11.67610,6.67360,0.06760,0.43820,205.39280,1.76770,2.42000,0.45130,1.59650,16.34990,-0.5528,-0.6205
2011-06-30,358.85700,6.89400,351.96300,278.17700,-69.91100,348.08800,3.87500,,3.87500,0.45900,3.41600,3.41600,,3.41600,28.36500,3.87500,79.39800,94.86750,0.04000,0.03330,0.69840,0.08790,0.49890,98.07890,1.07980,1.07980,1.07980,0.95190,0.07950,0.44730,201.18980,0.26350,0.35760,0.07570,0.24030,16.35540,1.8468,1.762
2011-03-31,366.61300,6.64900,359.96400,279.33600,-29.94400,309.28000,50.68400,,50.68400,19.28600,31.39800,31.39800,,31.39800,75.22400,50.68400,78.80100,94.76850,0.40000,0.33330,0.70740,0.14940,0.69390,98.18640,13.82490,13.82490,13.82490,8.56430,0.08080,0.45290,198.70610,2.43960,3.29990,0.69200,2.07520,16.25380,-2.66170,-2.85290
2010-12-31,401.59890,7.31300,394.28590,291.55600,-35.91300,327.46910,66.81680,,66.81700,25.42300,41.39400,41.39400,,41.39400,92.61180,66.81700,73.08450,86.50800,0.47330,0.55330,0.71160,0.13280,0.40020,98.17900,16.63770,16.63770,16.63770,10.30730,0.09530,0.55380,162.52510,3.30130,4.51230,0.98250,2.86270,16.52440,2.1342,2.0495
2010-09-30,340.38800,7.97200,332.41600,445.37200,-29.60000,474.97200,-142.55600,,-142.55600,-58.22000,-84.33600,-84.33600,,-84.33600,-120.06800,-142.55600,76.80150,92.75100,-1.10000,-1.10000,0.75510,0.13020,0.58300,97.65800,-41.88040,-41.88040,-41.88040,-24.77640,0.08140,0.45890,196.10120,-6.95550,-9.62100,-2.01580,-6.05010,16.04520,-0.7986,-0.8842
2010-06-30,328.00900,5.27200,322.73700,259.42700,-27.36500,286.79200,35.94500,,35.94500,14.83600,21.10900,21.10900,,21.10900,55.64100,35.94500,69.38550,78.52650,0.30670,0.26670,0.79960,0.13210,0.60240,98.39270,10.95850,10.95850,10.95850,6.43550,0.09730,0.51410,175.07950,2.27690,2.86090,0.62620,1.97620,13.29970,1.3073,1.2355
2010-03-31,312.03000,5.74400,306.28600,245.51800,-21.20300,266.72100,39.56500,,39.56500,15.82500,23.74000,23.74000,,23.74000,59.66100,39.56500,69.12000,78.80700,0.34670,0.30000,0.88810,0.17320,0.81740,98.15920,12.67990,12.67990,12.67990,7.60820,0.09670,0.46790,192.34350,2.60190,3.29080,0.73560,2.15130,13.06760,-1.00740,-1.08590
2009-12-31,319.46700,6.24900,313.21800,243.03500,-28.86900,271.90400,41.31400,,41.31400,16.64600,24.66800,24.66800,,24.66800,61.99300,41.31400,63.66750,72.66150,0.37560,0.32000,0.85590,0.19160,0.65850,98.04390,12.93220,12.93220,12.93220,7.72160,0.10090,0.46110,195.18380,2.82420,3.61660,0.77880,2.28310,12.77640,0.1348,0.0381
2009-09-30,289.68300,6.48600,283.19700,232.29000,-20.07100,252.36100,30.83600,,30.83600,8.69800,22.13800,22.13800,,22.13800,49.11100,30.83600,64.59300,73.83830,0.34220,0.29780,0.97620,0.13350,0.68650,97.76100,10.64480,10.64480,10.64470,7.64210,0.10020,0.44740,201.13990,2.65570,3.36030,0.76580,2.30110,12.22890,2.0946,1.9639
2009-06-30,261.50500,6.32100,255.18400,209.72400,-19.35100,229.07500,26.10900,,26.10900,10.29400,15.81500,15.81500,,15.81500,36.38800,26.10900,61.77380,70.35750,0.25780,0.22670,1.04430,0.16550,0.76960,97.58280,9.98410,9.98410,9.98410,6.04770,0.11430,0.34870,258.09060,2.25060,2.85500,0.69120,1.87810,10.99810,-2.0984,-2.1983
2009-03-31,219.98100,4.36000,215.62100,177.55200,-15.91400,193.46600,22.15500,,22.15500,8.97800,13.17700,13.17700,,13.17700,33.17400,22.15500,60.23700,67.94550,0.21780,0.19560,1.09670,0.12400,0.81400,98.01800,10.07130,10.07130,10.07130,5.99010,0.10920,0.48810,184.40460,2.08890,2.73120,0.65400,1.82990,10.25440,-4.91000,-4.96660
