Date,revenue,cost-goods-sold,gross-profit,selling-general-administrative-expenses,operating-expenses,operating-income,total-non-operating-income-expense,pre-tax-income,total-provision-income-taxes,income-after-taxes,income-from-continuous-operations,income-from-discontinued-operations,net-income,basic-shares-outstanding,shares-outstanding,eps-basic-net-earnings-per-share,eps-earnings-per-share-diluted,long-term-debt-capital,debt-equity-ratio,pre-tax-profit-margin,net-profit-margin,asset-turnover,roe,return-on-tangible-equity,roa,roi,book-value-per-share,operating-cash-flow-per-share,free-cash-flow-per-share
2024-09-30,934.48700,369.76700,564.72000,335.90500,335.90500,228.81500,-1.21900,227.59600,46.91200,180.68400,180.68400,,169.62800,143.14400,143.97900,1.19000,1.18000,,,,,,,,,,,,
2024-06-30,672.39100,366.24400,306.14700,328.86300,328.86310,-22.71610,0.65800,-22.05800,-7.37800,-14.68000,-14.68000,,-23.74100,145.56500,145.56500,-0.16000,-0.16000,0.31030,0.46900,-7.88510,-8.48670,0.00470,-0.32340,-0.32220,-0.02460,-0.19940,35.21800,1.9199,1.8495
2024-03-31,901.59800,363.86400,537.73400,375.19700,375.19700,162.53700,-1.52400,161.01300,36.94300,124.07000,124.07000,,114.82200,146.43000,147.12200,0.78000,0.78000,0.28720,0.47850,33.28410,23.73560,0.00810,2.75440,2.74600,0.20740,1.75400,34.43320,0.16360,0.03800
2023-12-31,839.76600,351.08300,488.68300,397.09990,397.10000,91.58300,-1.23100,90.35200,20.77900,69.57300,69.57300,,60.64500,146.11500,146.73400,0.42000,0.41000,0.27310,0.41310,20.38580,13.68310,0.00740,1.51020,1.50660,0.11630,0.98310,35.06460,1.8145,1.7352
2023-09-30,893.17800,342.88000,550.29800,408.78500,408.78500,141.51290,-17.31900,124.19400,27.72900,96.46500,96.46500,,87.42300,146.17000,146.74000,0.60000,0.60000,0.37220,0.61500,25.99690,18.29980,0.00810,2.39700,2.39210,0.16260,1.32760,31.19980,2.0539,2.0004
2023-06-30,871.41900,303.61200,567.80700,346.17200,346.17200,221.63500,0.11000,221.74500,47.80100,173.94400,173.94400,,165.81900,146.11300,146.55000,1.13000,1.13000,0.45550,0.85410,41.92360,31.35010,0.00870,4.07300,4.07300,0.28680,1.97010,32.89550,2.4571,2.4149
2023-03-31,850.00500,236.12800,613.87700,354.73900,354.73900,259.13800,0.73300,259.87100,57.71200,202.15900,202.15900,,193.86800,145.79900,146.72700,1.33000,1.32000,0.51900,1.17290,44.67260,33.32650,0.00940,4.77580,4.70960,0.32690,2.03860,32.65890,2.41560,2.37120
2022-12-31,757.09200,153.30900,603.78310,346.25100,346.25100,257.53200,2.37200,259.90410,54.13500,205.76900,205.76900,,197.47900,145.36400,146.48100,1.36000,1.35000,0.47870,1.08570,45.68540,34.71250,0.00950,5.22430,5.14900,0.34450,2.39670,30.76430,3.9623,3.9035
2022-09-30,655.59700,73.38000,582.21700,318.63500,318.63500,263.58200,-0.95600,262.62600,59.58200,203.04400,203.04400,,194.75300,145.38600,146.41800,1.34000,1.33000,0.51180,1.10520,47.18090,34.98750,0.00950,5.49870,5.41730,0.34630,2.34350,29.08160,2.7297,2.66
2022-06-30,551.03800,28.38400,522.65410,296.58900,296.58900,226.06500,1.85000,227.91500,49.86300,178.05200,178.05200,,169.76100,145.32800,146.31500,1.17000,1.16000,0.28240,0.46880,44.69220,33.28870,0.00890,4.39930,4.34200,0.31030,2.78710,31.53890,0.2057,0.1469
2022-03-31,521.39600,23.81400,497.58200,290.27400,290.27400,207.30800,6.42400,213.73200,42.69500,171.03700,171.03700,,162.74600,145.27300,146.66500,1.12000,1.11000,0.14300,0.27080,43.96130,33.47430,0.00860,3.98920,3.94210,0.30320,3.03800,33.19670,1.23640,1.21820
2021-12-31,535.34690,25.96600,509.38090,234.03900,234.03900,275.34190,-5.95800,269.38400,68.98300,200.40100,200.40100,,192.11100,147.04100,148.49500,1.33000,1.31000,0.18520,0.27730,47.71310,34.02660,0.00990,4.21040,4.16740,0.34960,3.08260,36.52710,-0.3627,-0.4021
2021-09-30,527.45900,27.58700,499.87200,258.84500,258.84500,241.02700,-0.31900,240.70800,53.93500,186.77300,186.77300,,178.48200,146.30800,147.70100,1.22000,1.21000,0.18640,0.27910,47.40770,35.15220,0.00910,3.96070,3.92180,0.33650,2.89280,36.10570,2.7947,2.7422
2021-06-30,519.83000,30.88300,488.94700,245.51800,245.51800,243.42900,-0.41500,243.01400,56.81400,186.20000,186.20000,,177.90900,148.11300,149.74700,1.20000,1.19000,0.18680,0.26690,47.32090,34.64330,0.00930,3.96120,3.92420,0.33890,2.89090,35.61330,2.78,2.724
2021-03-31,520.77300,35.96000,484.81300,248.02800,248.02800,236.78500,-0.53100,236.25400,49.16100,187.09300,187.09300,,178.80200,148.46700,149.78000,1.20000,1.19000,0.18900,0.28990,46.93280,35.51970,0.00910,4.04560,4.00920,0.33920,2.93960,34.66820,0.13510,0.10820
2020-12-31,548.24010,47.54700,500.69310,286.57400,286.57400,214.11910,,187.12800,36.72000,150.40800,150.40800,,142.11800,147.41500,148.21000,0.95000,0.97000,0.18900,0.27710,38.21850,29.02580,0.00900,3.25260,3.22500,0.27650,2.36350,34.86470,1.523,1.4739
2020-09-30,549.96100,58.56000,491.40100,315.16100,360.03800,131.36300,,131.36300,39.78900,91.57400,91.57400,,83.28300,147.31400,147.97600,0.57000,0.56000,0.24330,0.44050,29.32090,18.58920,0.00840,2.02270,2.00630,0.17260,1.36820,34.37830,4.5688,4.5515
2020-06-30,625.05300,75.00300,550.05000,425.99200,425.99200,124.05800,,124.05800,30.86600,93.19200,93.19200,,84.90100,147.28800,147.73300,0.58000,0.57000,0.31540,0.56470,30.39160,20.79890,0.00750,2.06370,2.06850,0.17220,1.26260,34.30090,-6.1101,-6.2
2020-03-31,587.75400,110.63700,477.11700,435.00100,435.00100,42.11600,,42.11600,3.59500,38.52100,38.52100,,30.23000,147.31100,148.40100,0.21000,0.20000,0.38360,0.91610,13.22760,9.49450,0.00630,0.85070,0.85320,0.07610,0.46880,34.39470,0.13320,0.08640
2019-12-31,604.20780,106.98400,497.22380,290.27400,290.27400,206.94980,0.91200,206.63200,54.94800,151.68400,151.68400,,143.39400,154.33100,156.05800,0.96000,0.96000,0.30360,0.82420,43.70820,30.33160,0.00980,3.44380,3.45620,0.31470,2.13770,33.58080,1.6159,1.4846
2019-09-30,612.17500,121.31800,490.85700,303.51900,303.51900,187.33800,-0.35300,186.98500,51.25900,135.72600,135.72600,,127.43500,152.23800,154.04300,0.84000,0.83000,0.30670,0.94160,40.35980,27.50620,0.00970,3.13290,3.14010,0.28480,1.93270,32.98810,0.7554,0.6942
2019-06-30,605.93800,118.86900,487.06900,268.84400,268.84400,218.22500,-7.40100,210.82400,54.64000,156.18400,156.18400,,153.03400,157.38900,159.07700,0.97000,0.96000,0.32660,0.82240,44.38870,32.22110,0.01000,3.42610,3.71870,0.33010,2.21230,30.30380,0.7327,0.5896
2019-03-31,584.21700,107.66400,476.55300,266.24100,266.24100,210.31200,-49.73800,160.57400,40.38800,120.18600,120.18600,,117.03600,160.92700,162.76000,0.73000,0.72000,0.31420,0.71200,35.44810,25.83670,0.00970,2.72990,2.97630,0.25770,1.79280,29.20060,0.87560,0.81900
2018-12-31,425.38710,59.46200,365.92510,219.61700,219.61700,146.30810,-3.38100,143.85400,38.78400,105.07000,105.07000,,101.91900,117.64400,118.37800,0.87000,0.88000,0.34590,0.81210,40.66250,28.80890,0.01080,3.57570,3.42650,0.32160,2.19320,27.04510,1.2344,1.1158
2018-09-30,415.61000,52.32300,363.28700,228.30300,228.59500,134.69200,-6.68400,128.00800,18.94900,109.05900,109.05900,,99.33000,117.24100,118.09500,0.85000,0.84000,0.35280,0.76530,36.75170,28.51810,0.01090,3.83340,3.66880,0.34000,2.32190,26.04720,1.3721,1.2664
2018-06-30,403.22100,45.25700,357.96400,215.55500,215.84700,142.11700,,142.11700,30.93600,111.18100,111.18100,,108.62200,118.39700,119.13900,0.92000,0.91000,0.34340,0.58850,41.05360,31.37790,0.01090,3.90580,3.58660,0.35030,2.30460,26.88110,1.2529,1.1053
2018-03-31,380.18000,38.85000,341.33000,207.66300,207.95500,133.37500,,133.37500,30.20900,103.16600,103.16600,,100.60700,118.66600,119.32100,0.85000,0.84000,0.38570,0.69070,40.59450,30.62120,0.01040,3.64480,3.57170,0.32750,2.14350,24.90690,0.68580,0.60860
2017-12-31,376.28590,37.22100,339.06490,252.90000,252.90000,86.16500,-0.08700,103.96800,74.36100,29.60700,29.60700,,27.04600,121.16200,122.01200,0.23000,0.23000,0.35160,0.63050,31.45780,8.18340,0.01060,1.04410,1.02340,0.09480,0.64820,24.90870,1.1887,1.0548
2017-09-30,433.08700,35.08000,398.00700,244.79000,244.79000,153.21700,-0.54200,152.67500,54.66800,98.00700,98.00700,,95.44800,120.90000,121.81400,0.79000,0.78000,0.38580,0.67540,42.60840,26.63760,0.01130,3.41360,3.34700,0.30970,2.00850,25.06610,2.0036,1.8437
2017-06-30,354.21100,34.41300,319.79800,201.99400,201.99400,117.80400,-0.01300,117.79100,41.78800,76.00300,76.00300,,73.44400,122.20300,123.02700,0.60000,0.60000,0.41280,0.75310,38.05380,23.72700,0.01010,2.64640,2.59480,0.24770,1.48870,24.64180,0.8864,0.806
2017-03-31,344.24000,32.47400,311.76600,199.55100,199.55100,112.21500,-6.51100,105.70400,33.84700,71.85700,71.85700,,69.29800,122.30000,123.05900,0.57000,0.56000,0.42180,0.77890,34.87520,22.86370,0.00990,2.53360,2.48380,0.23420,1.40260,24.21580,1.09460,1.04990
2016-12-31,338.53900,31.00200,307.53700,206.60500,206.60500,100.93190,-1.08600,108.07000,39.51900,68.55100,68.55100,,65.99000,124.38900,125.07800,0.54000,0.53000,0.42460,0.79260,35.87050,21.90340,0.01000,2.44660,2.40110,0.22770,1.34710,23.94720,1.0684,0.9921
2016-09-30,324.70900,30.54700,294.16200,189.74900,189.74900,104.41300,-1.79300,102.62000,37.37500,65.24500,65.24500,,62.68600,122.92400,123.60400,0.51000,0.51000,0.42640,0.81060,35.57130,21.72890,0.00970,2.34640,2.26370,0.21950,1.28750,23.93220,1.0599,0.9952
2016-06-30,320.27900,30.94400,289.33500,189.46300,189.46300,99.87200,-5.84100,94.03100,33.57400,60.45700,60.45700,,57.89800,125.10000,125.69900,0.46000,0.46000,0.41980,0.80740,33.26860,20.48460,0.00960,2.13960,2.06530,0.20520,1.18830,23.79450,0.8887,0.8165
2016-03-31,312.47000,31.13000,281.34000,196.47000,196.47000,84.87000,-1.14000,83.73000,31.19900,52.53100,52.53100,,49.97200,127.22700,127.85700,0.39000,0.39000,0.44430,0.86850,30.78730,18.37460,0.00930,1.85800,1.79360,0.18010,0.98850,23.46660,0.70780,0.64660
2015-12-31,308.98900,30.19300,278.79600,187.98600,187.98600,90.81000,-0.06900,90.74100,32.34200,58.39900,58.39900,,55.83800,132.42300,133.20100,0.43000,0.42000,0.42160,0.78790,33.14440,20.39560,0.00950,2.03180,1.96280,0.20280,1.12590,23.15910,0.9522,0.9029
2015-09-30,305.15200,30.30300,274.84900,180.79400,180.79400,94.05500,-0.06900,93.98600,36.05800,57.92800,57.92800,,55.36900,131.51600,132.29700,0.42000,0.42000,0.40320,0.72060,34.56730,20.36430,0.00970,2.00360,1.93570,0.20570,1.14580,23.09610,1.5264,1.4285
2015-06-30,302.48600,30.01000,272.47600,184.43700,184.43700,88.03900,-0.00500,88.03400,32.24200,55.79200,55.79200,,53.23300,132.94700,133.62500,0.40000,0.40000,0.41580,0.77420,33.11540,20.02450,0.00940,1.93710,1.87110,0.19780,1.08430,22.72950,0.5631,0.5357
2015-03-31,297.25500,28.13800,269.11700,183.41200,183.41200,85.70500,0.10700,85.81200,31.84900,53.96300,53.96300,,51.40400,134.93300,135.74400,0.38000,0.38000,0.41950,0.76390,32.41610,19.41830,0.00960,1.85780,1.79510,0.19530,1.03370,22.62850,0.29900,0.26050
2014-12-31,299.25200,27.24700,272.00500,189.59300,189.59300,82.41200,-3.48300,78.92900,25.75600,53.17300,53.17300,,50.61200,138.49500,139.15400,0.37000,0.36000,0.41290,0.74520,29.91870,19.18490,0.00980,1.82390,1.76250,0.19660,1.02640,22.34210,0.6722,0.6176
2014-09-30,297.37900,27.13100,270.24800,196.78300,196.78300,73.46500,-0.80900,72.65600,25.86800,46.78800,46.78800,,44.22900,139.04300,139.72600,0.32000,0.32000,0.40920,0.72750,27.27280,16.60220,0.01000,1.58570,1.53370,0.17640,0.89850,22.12310,1.0055,0.9537
2014-06-30,295.60100,27.16200,268.43900,186.77300,186.77300,81.66600,-7.71600,73.95000,27.07800,46.87200,46.87200,,44.31300,138.99100,139.56700,0.32000,0.32000,0.42500,0.78090,28.86920,17.29930,0.00960,1.60130,1.54850,0.17600,0.88280,21.96090,0.4794,0.3648
2014-03-31,298.56400,27.86800,270.69600,185.09500,185.09500,85.60100,-8.57700,77.02400,28.60800,48.41600,48.41600,,45.85700,138.93200,139.50400,0.33000,0.33000,0.41270,0.75770,29.49020,17.55730,0.00990,1.68550,1.62900,0.18310,0.94830,21.56970,0.62560,0.56860
2013-12-31,293.43790,28.92700,264.51090,201.03200,201.03200,63.47890,-3.76900,59.71000,21.13000,38.58000,38.58000,,35.85000,127.49500,134.22600,0.27000,0.23000,0.40810,0.73970,23.84140,14.31440,0.00960,1.36660,1.31920,0.14720,0.77440,21.22990,0.9999,0.9468
2013-09-30,297.43000,29.88200,267.54800,193.40200,193.40200,74.14600,-0.68700,73.45900,27.76500,45.69400,45.69400,,37.18800,136.67100,137.09700,0.27000,0.27000,0.39130,0.70930,28.16820,14.25990,0.00990,1.62820,1.57370,0.17430,0.94860,21.10290,1.2056,1.1679
2013-06-30,296.60500,29.43600,267.16900,192.50500,192.50500,74.66400,-1.75800,72.90600,27.37100,45.53500,45.53500,,30.71700,121.58500,130.13400,0.25000,0.24000,0.34580,0.59090,28.69280,12.08890,0.00960,1.74770,1.28640,0.17140,0.83490,27.42400,0.964,0.8916
2013-03-31,295.11200,30.57700,264.53500,213.13200,213.13200,51.40300,-4.85000,46.55300,16.97900,29.57400,29.57400,,14.79800,112.46850,130.15830,0.14000,0.14000,0.31600,0.52860,20.34310,6.46660,0.00870,1.12960,0.83330,0.11280,0.56530,31.79080,1.33860,1.28970
2012-12-31,320.11800,32.54400,287.57390,357.90500,357.90500,-70.33110,-1.96900,-72.30000,-796.33900,724.03900,724.03900,,709.30400,112.35200,130.01500,6.31020,5.44010,0.32600,0.54010,-51.25920,502.88120,0.00530,27.71860,20.45390,2.70570,13.67170,31.75590,2.5479,2.4487
2012-09-30,320.90900,35.33100,285.57800,253.87200,253.87200,31.70600,-1.19200,30.51400,-0.21100,30.72500,30.72500,,16.03000,112.40170,130.09560,0.14000,0.14000,0.36520,0.63290,13.74470,7.22050,0.00860,1.59940,1.07980,0.11930,0.67830,25.58410,-1.263,-1.3242
2012-06-30,330.28600,40.45300,289.83300,251.09300,251.09300,38.74000,-1.39300,37.34700,-2.10500,39.45200,39.45200,,24.80300,112.40170,130.00490,0.20990,0.20990,0.31330,0.57920,15.20580,10.09850,0.00930,2.07500,1.39790,0.15000,0.94950,25.38560,-0.3258,-0.3724
2012-03-31,346.79300,41.69500,305.09800,268.32400,268.32400,36.77400,-0.85800,35.91600,-0.07700,35.99300,35.99300,,21.36900,112.33870,129.89410,0.20990,0.14000,0.32390,0.59100,15.02450,8.93920,0.00880,1.92250,1.29020,0.13300,0.86240,25.10430,2.67230,2.67080
2011-12-31,346.77110,46.14600,300.62510,273.00800,273.00800,27.61700,-0.63900,26.97800,-0.37800,27.35600,27.35600,,12.77900,112.21540,112.21540,0.14000,0.14000,0.32550,0.59360,10.96400,5.19340,0.00910,1.45480,0.97890,0.10070,0.65250,25.19590,1.6402,1.5743
2011-09-30,415.36200,53.36700,361.99500,322.29000,322.29000,39.70500,-2.58700,37.11800,6.91000,30.20800,30.20800,,15.66700,112.21650,130.21720,0.14000,0.14000,0.34980,0.65420,14.29430,6.03340,0.00920,1.60260,1.08060,0.10690,0.69420,25.21420,0.3083,0.3381
2011-06-30,355.90100,57.09100,298.81000,339.46800,339.46800,-40.65800,-3.10600,-43.76400,-4.76400,-39.00000,-39.00000,,-53.50400,112.21610,112.21610,-0.48990,-0.48990,0.39930,0.82340,-24.49690,-29.94890,0.00630,-2.04310,-1.38490,-0.13770,-0.82180,25.40570,1.7295,1.6946
2011-03-31,362.59600,60.99800,301.59800,357.12900,357.12900,-55.53100,-24.33300,-79.86400,-0.45600,-79.40800,-79.40800,,-93.65400,112.21120,112.21120,-0.83970,-0.83970,0.39890,0.81110,-49.96120,-58.58790,0.00560,-4.08690,-2.78930,-0.27690,-1.65580,25.68890,2.07620,2.04870
2010-12-31,393.44690,71.59000,321.85690,479.29000,479.29000,-157.43310,-2.11800,-159.55100,5.88300,-165.43400,-165.43400,0.00100,-179.99800,97.91310,97.91310,-1.11970,-1.11970,0.37420,0.76290,-229.71850,-259.15770,0.00230,-7.92600,-5.53720,-0.54970,-3.42320,26.95340,3.3192,3.2549
2010-09-30,408.25400,81.03000,327.22400,504.61100,504.61100,-177.38700,-3.42000,-180.80700,0.36000,-181.16700,-181.16700,,-195.83800,112.16450,112.16450,-1.74950,-1.74950,0.34970,0.66440,-204.98730,-222.02850,0.00280,-7.85630,-5.65600,-0.58530,-3.63490,28.89000,-0.2192,-0.2462
2010-06-30,411.73400,87.70000,324.03400,557.66600,557.66600,-233.63200,,-233.63200,-5.05700,-228.57500,-228.57500,,-242.55400,96.70800,96.70800,-2.51920,-2.51920,0.35260,0.68280,-929.69360,-965.19690,0.00080,-9.09380,-6.70840,-0.70590,-4.29430,30.71930,-0.5744,-0.6191
2010-03-31,412.49300,93.92800,318.56500,593.74500,593.74500,-275.18000,,-275.18000,-16.33700,-258.84300,-258.84300,43.16100,-229.79800,69.96480,69.96480,-3.28900,-3.28900,0.41460,0.87900,1229.41500,1026.66300,-0.00070,-15.15460,-9.96140,-0.79790,-5.74340,37.69290,6.77610,6.72200
2009-12-31,498.53300,105.85300,392.68000,622.51910,637.36810,-244.68810,0.76000,-243.92790,25.51800,-269.44600,-269.44600,0.88900,-282.84690,53.29360,53.29360,-2.72920,-2.72920,0.37890,0.77540,-4382.44700,-5081.67200,0.00020,-13.86540,-9.51960,-0.82070,-5.82830,41.02350,-3.0121,-3.1245
2009-09-30,462.85500,121.98900,340.86600,813.34200,813.34210,-472.47610,,-472.47600,-31.52800,-440.94800,-440.94800,1.14600,-453.80500,49.24710,49.24710,-9.23720,-9.23720,0.38220,0.94330,303.53860,291.54350,-0.00450,-19.61880,-14.14860,-1.27400,-8.58420,46.23040,7.3723,7.277
2009-06-30,487.69300,127.88300,359.81000,1024.82400,1025.06500,-665.25500,-0.39700,-665.65200,-80.05900,-585.59300,-585.59300,1.34000,-601.15500,47.13560,47.13560,-12.73620,-12.73620,0.37910,1.12780,244.98080,221.24390,-0.00790,-27.47580,-19.53950,-1.70480,-11.90070,64.71310,2.3523,2.1937
2009-03-31,470.77800,143.15400,327.62400,545.11800,545.11800,-217.49400,-6.35800,-223.85200,-85.90800,-137.94400,-137.94400,1.21500,-150.86400,47.12630,47.12630,-3.21900,-3.21900,0.33740,0.66650,-601.96300,-405.69020,0.00110,-5.01670,-3.81920,-0.39930,-2.48940,77.76360,1.24740,0.99930
